{"wallet": "0x1a2f67124f12eaa88be0f6683a95abede555647a", "total_trades_90d": 200, "mlb_trades_count": 37, "mlb_condition_ids": ["0x04c736342b639e05fc4eb5512a7b46fec794e79c93a6c06b89e866fe70d15003", "0x2b92ff7921ac9df284c06f414933c5b01e2ae2436367d3cf5d1619db5d977ec6", "0x381a231517cf6088520a51df34bd1db9b93d035ba51913f98ca845d661e5e738", "0x405ad8b0b07bc4296631721c78e94677f65e6f2b2ebd1d550b0e25894752fcff", "0xa944601a6e0f66f0404a86cb15ac1bc7043e24068d2269a0626f8cd93817d1d1", "0xcc3f41af4b7ef6c7b399c1666801913d6b129594b261c84c1d1a838f4f76242a", "0xe5aced2f23f235d24fc2e22cfee38db7c7c02cf7cf14d05b8e9b9943471b132b", "0xf6f693f2d5b402d1d35d78cdebd7268bc219976effb45ce4c10a9b658189258a", "0xffcc16466bec36ad1a0d27106b53eaf338b4013c40fa6fdf446819e14318141d"], "mlb_trade_details": [{"condition_id": "0xcc3f41af4b7ef6c7b399c1666801913d6b129594b261c84c1d1a838f4f76242a", "id": "0x4c602e2bf0c44e599672dabe7083d0cd82bbfcf2b55d34c6ce8123e2f2ca0fc9_0x6c895cdf350abc46db17c1c1cc5a68497b670f8a10f66f66156fb868f348d60c", "outcome": "Los Angeles Dodgers", "price": 0.65, "proxy_wallet": "0x1a2f67124f12eaa88be0f6683a95abede555647a", "side": "BUY", "size": 400, "slug": "mlb-lad-oak-2026-07-01", "timestamp": "2026-07-02T01:46:13Z", "token_id": "34364758787567076832781692301433474029633009466854379285319411364305881038672", "transaction_hash": "0x4c602e2bf0c44e599672dabe7083d0cd82bbfcf2b55d34c6ce8123e2f2ca0fc9"}, {"condition_id": "0x04c736342b639e05fc4eb5512a7b46fec794e79c93a6c06b89e866fe70d15003", "id": "0xe36c596880cfe2d06460eff60778abe8b14368e89b69075b7085ca976ed1a772_0x6364deee59fdd7eabda3692321f72f5fcb6152378d8c28f70863a7e5b0bffafd", "outcome": "Pittsburgh Pirates", "price": 0.15, "proxy_wallet": "0x1a2f67124f12eaa88be0f6683a95abede555647a", "side": "BUY", "size": 300, "slug": "mlb-pit-phi-2026-07-01", "timestamp": "2026-07-02T01:19:05Z", "token_id": "11562383647728491295498784192606069157753932455838420463713222976619310305836", "transaction_hash": "0xe36c596880cfe2d06460eff60778abe8b14368e89b69075b7085ca976ed1a772"}, {"condition_id": "0xffcc16466bec36ad1a0d27106b53eaf338b4013c40fa6fdf446819e14318141d", "id": "0xf9db64a20e55b294817b9b7742818a43f591b7e3c9691aca07fdfa4cc4011dd8_0x6c9feae1889118a8c404a71aa33471ff7f801d9148231e068dbb18cede0bc8e3", "outcome": "Cincinnati Reds", "price": 0.29, "proxy_wallet": "0x1a2f67124f12eaa88be0f6683a95abede555647a", "side": "BUY", "size": 2560, "slug": "mlb-cin-mil-2026-07-01", "timestamp": "2026-07-02T00:34:56Z", "token_id": "113358608150512001269864923288418646714914260349596543233339365306930097854218", "transaction_hash": "0xf9db64a20e55b294817b9b7742818a43f591b7e3c9691aca07fdfa4cc4011dd8"}, {"condition_id": "0xffcc16466bec36ad1a0d27106b53eaf338b4013c40fa6fdf446819e14318141d", "id": "0xa3c230dcbc6337061cb77bbc1672ee9934f5a9aec1086da1396f7adccb3e8a2f_0x3cdc5d6b9e14df740f51bb0604aad0dcff1824cf5818e962baed800737c0f744", "outcome": "Cincinnati Reds", "price": 0.29, "proxy_wallet": "0x1a2f67124f12eaa88be0f6683a95abede555647a", "side": "BUY", "size": 1350, "slug": "mlb-cin-mil-2026-07-01", "timestamp": "2026-07-02T00:34:56Z", "token_id": "113358608150512001269864923288418646714914260349596543233339365306930097854218", "transaction_hash": "0xa3c230dcbc6337061cb77bbc1672ee9934f5a9aec1086da1396f7adccb3e8a2f"}, {"condition_id": "0x04c736342b639e05fc4eb5512a7b46fec794e79c93a6c06b89e866fe70d15003", "id": "0x7bb62945b6d956fdd5957685d7326452e42cafcf729a9f3c3774214c6283a2b9_0x1344ae8094335f8a643178d7a663a5754e99790ec3970a2a4e90613709e8d267", "outcome": "Pittsburgh Pirates", "price": 0.07, "proxy_wallet": "0x1a2f67124f12eaa88be0f6683a95abede555647a", "side": "BUY", "size": 3930, "slug": "mlb-pit-phi-2026-07-01", "timestamp": "2026-07-02T00:24:28Z", "token_id": "11562383647728491295498784192606069157753932455838420463713222976619310305836", "transaction_hash": "0x7bb62945b6d956fdd5957685d7326452e42cafcf729a9f3c3774214c6283a2b9"}, {"condition_id": "0x04c736342b639e05fc4eb5512a7b46fec794e79c93a6c06b89e866fe70d15003", "id": "0x5664c645b47e7eb15ac6bef420afb706aca4e641fa8febc7507254ae6ce9e0c8_0x8e02ec61adbe5f6cd194dfd4883952709cd83fe1fbba96190bfbafa14d20c2e9", "outcome": "Pittsburgh Pirates", "price": 0.06, "proxy_wallet": "0x1a2f67124f12eaa88be0f6683a95abede555647a", "side": "BUY", "size": 990, "slug": "mlb-pit-phi-2026-07-01", "timestamp": "2026-07-01T23:26:11Z", "token_id": "11562383647728491295498784192606069157753932455838420463713222976619310305836", "transaction_hash": "0x5664c645b47e7eb15ac6bef420afb706aca4e641fa8febc7507254ae6ce9e0c8"}, {"condition_id": "0x04c736342b639e05fc4eb5512a7b46fec794e79c93a6c06b89e866fe70d15003", "id": "0x2cca2098d6d21c9907034ee144d22983a5e799e71b8f3c9977560a7acf1dc336_0x2b00b724ea7d48417b128cd714ccd5bab3506a43e974a7767026c49681abeb68", "outcome": "Pittsburgh Pirates", "price": 0.27998749885805096, "proxy_wallet": "0x1a2f67124f12eaa88be0f6683a95abede555647a", "side": "BUY", "size": 400.017856, "slug": "mlb-pit-phi-2026-07-01", "timestamp": "2026-07-01T23:09:07Z", "token_id": "11562383647728491295498784192606069157753932455838420463713222976619310305836", "transaction_hash": "0x2cca2098d6d21c9907034ee144d22983a5e799e71b8f3c9977560a7acf1dc336"}, {"condition_id": "0x381a231517cf6088520a51df34bd1db9b93d035ba51913f98ca845d661e5e738", "id": "0x4d98ec8f5d9727628935f38d17c9eed25ba87f20fdbad167a77e3c89cf4b2285_0xd66603409ca60923e50a5254eaded979ebedb3c11bc257d5db0d889e17843a07", "outcome": "Detroit Tigers", "price": 0.9305198125808504, "proxy_wallet": "0x1a2f67124f12eaa88be0f6683a95abede555647a", "side": "BUY", "size": 1276.16842, "slug": "mlb-det-nyy-2026-07-01", "timestamp": "2026-07-01T20:36:50Z", "token_id": "21732814863574116195637613767442167544947896812245617431219863699392535019565", "transaction_hash": "0x4d98ec8f5d9727628935f38d17c9eed25ba87f20fdbad167a77e3c89cf4b2285"}, {"condition_id": "0x381a231517cf6088520a51df34bd1db9b93d035ba51913f98ca845d661e5e738", "id": "0xe4ef96a59dcf03757db5f6215ffd6e0829fc78b0d7e78ea8e9e0ed6b177fdbce_0x5663a686538f3094b3d880d2378bc423609bdb298411b9ba5923861328dad0a4", "outcome": "Detroit Tigers", "price": 0.96, "proxy_wallet": "0x1a2f67124f12eaa88be0f6683a95abede555647a", "side": "BUY", "size": 500, "slug": "mlb-det-nyy-2026-07-01", "timestamp": "2026-07-01T20:36:34Z", "token_id": "21732814863574116195637613767442167544947896812245617431219863699392535019565", "transaction_hash": "0xe4ef96a59dcf03757db5f6215ffd6e0829fc78b0d7e78ea8e9e0ed6b177fdbce"}, {"condition_id": "0x381a231517cf6088520a51df34bd1db9b93d035ba51913f98ca845d661e5e738", "id": "0x1f4a3f04c47c018780381945fbf32cfe448c7d834f7ed86671ceb2a229a0e335_0x9e02733f8b87383b87dd6d75b160040c11b8a9f589e29ad554b672f727e07b5a", "outcome": "Detroit Tigers", "price": 0.9600000000000001, "proxy_wallet": "0x1a2f67124f12eaa88be0f6683a95abede555647a", "side": "BUY", "size": 280, "slug": "mlb-det-nyy-2026-07-01", "timestamp": "2026-07-01T20:36:04Z", "token_id": "21732814863574116195637613767442167544947896812245617431219863699392535019565", "transaction_hash": "0x1f4a3f04c47c018780381945fbf32cfe448c7d834f7ed86671ceb2a229a0e335"}, {"condition_id": "0x381a231517cf6088520a51df34bd1db9b93d035ba51913f98ca845d661e5e738", "id": "0x29beade2d5e7a7641227dfdddc21b9fff78adc69083376f6a986b27ff5b239d5_0xdd26a58989ca89a18d64c6f2f907b502a41a70ee68841b29838c6f76f6fd1951", "outcome": "New York Yankees", "price": 0.6699999999999999, "proxy_wallet": "0x1a2f67124f12eaa88be0f6683a95abede555647a", "side": "BUY", "size": 520, "slug": "mlb-det-nyy-2026-07-01", "timestamp": "2026-07-01T20:06:44Z", "token_id": "77517820275678293123099971116018809964050393693739081239953760993465060642703", "transaction_hash": "0x29beade2d5e7a7641227dfdddc21b9fff78adc69083376f6a986b27ff5b239d5"}, {"condition_id": "0x381a231517cf6088520a51df34bd1db9b93d035ba51913f98ca845d661e5e738", "id": "0x21dd44628116e36a65bb2b107bba5c2b84ba73410efea7fd260138307d9c10ce_0x5801192f24681fb895881c4a4c88248335d9cb8cd2f0896244c9d22a84735c93", "outcome": "Detroit Tigers", "price": 0.52, "proxy_wallet": "0x1a2f67124f12eaa88be0f6683a95abede555647a", "side": "BUY", "size": 2006.08, "slug": "mlb-det-nyy-2026-07-01", "timestamp": "2026-07-01T19:55:46Z", "token_id": "21732814863574116195637613767442167544947896812245617431219863699392535019565", "transaction_hash": "0x21dd44628116e36a65bb2b107bba5c2b84ba73410efea7fd260138307d9c10ce"}, {"condition_id": "0x381a231517cf6088520a51df34bd1db9b93d035ba51913f98ca845d661e5e738", "id": "0x9784c589f8890ad4797a88ca1c82e9f7778a5d6063e8878e1f186aff139503c2_0x0b2ad3da3d87e7ba169b8a62060e5be0222202fe6f8005cdb8f1a9c73512c82c", "outcome": "New York Yankees", "price": 0.11, "proxy_wallet": "0x1a2f67124f12eaa88be0f6683a95abede555647a", "side": "BUY", "size": 700, "slug": "mlb-det-nyy-2026-07-01", "timestamp": "2026-07-01T19:52:01Z", "token_id": "77517820275678293123099971116018809964050393693739081239953760993465060642703", "transaction_hash": "0x9784c589f8890ad4797a88ca1c82e9f7778a5d6063e8878e1f186aff139503c2"}, {"condition_id": "0xa944601a6e0f66f0404a86cb15ac1bc7043e24068d2269a0626f8cd93817d1d1", "id": "0x99215fd1e7a00a6f81a005f7baf575a060c638db03d1ce80a658ec2c0d193502_0x724edb25efbfc3b04d38f599287fcd79f8ca3fbfa5b52b15b033b41fe9314c1f", "outcome": "San Diego Padres", "price": 0.016, "proxy_wallet": "0x1a2f67124f12eaa88be0f6683a95abede555647a", "side": "BUY", "size": 1450, "slug": "mlb-sd-chc-2026-07-01", "timestamp": "2026-07-01T19:40:17Z", "token_id": "94590113074536151916866504190578228443250461711207939340570917983991425398176", "transaction_hash": "0x99215fd1e7a00a6f81a005f7baf575a060c638db03d1ce80a658ec2c0d193502"}, {"condition_id": "0x405ad8b0b07bc4296631721c78e94677f65e6f2b2ebd1d550b0e25894752fcff", "id": "0x9be7965d015b486e974625733f4fe1013e562d7db1cbf3481c985addc81a1cf5_0x6f7cb8c2cfcc592a66572824a54f64829c0e0821a73e098055ecb53a58b1a951", "outcome": "Cleveland Guardians", "price": 0.93, "proxy_wallet": "0x1a2f67124f12eaa88be0f6683a95abede555647a", "side": "BUY", "size": 2460, "slug": "mlb-tex-cle-2026-07-01", "timestamp": "2026-07-01T19:37:56Z", "token_id": "86288552152311971878837110424970993696447858867022322166659566304776992899778", "transaction_hash": "0x9be7965d015b486e974625733f4fe1013e562d7db1cbf3481c985addc81a1cf5"}, {"condition_id": "0x405ad8b0b07bc4296631721c78e94677f65e6f2b2ebd1d550b0e25894752fcff", "id": "0x9c44df579cb390a1cd1a0db2ec29cdcb8dd8c766416dd7075fc99f193d97300a_0xbcc2f4b65301accd0a73320842340c65228603112150ea040669a911b6f5a0e5", "outcome": "Cleveland Guardians", "price": 0.9299999999999999, "proxy_wallet": "0x1a2f67124f12eaa88be0f6683a95abede555647a", "side": "BUY", "size": 1970, "slug": "mlb-tex-cle-2026-07-01", "timestamp": "2026-07-01T19:37:55Z", "token_id": "86288552152311971878837110424970993696447858867022322166659566304776992899778", "transaction_hash": "0x9c44df579cb390a1cd1a0db2ec29cdcb8dd8c766416dd7075fc99f193d97300a"}, {"condition_id": "0x405ad8b0b07bc4296631721c78e94677f65e6f2b2ebd1d550b0e25894752fcff", "id": "0x6f32f768cac9cf94a7f945e91b06a86d909bba2cd83e1a6c30fec330494f0643_0xbffbf1f253a82d48d76424eb352f3acaa38b8e0dc87595640758caf42263dcee", "outcome": "Cleveland Guardians", "price": 0.9500000000000001, "proxy_wallet": "0x1a2f67124f12eaa88be0f6683a95abede555647a", "side": "BUY", "size": 606, "slug": "mlb-tex-cle-2026-07-01", "timestamp": "2026-07-01T19:37:49Z", "token_id": "86288552152311971878837110424970993696447858867022322166659566304776992899778", "transaction_hash": "0x6f32f768cac9cf94a7f945e91b06a86d909bba2cd83e1a6c30fec330494f0643"}, {"condition_id": "0x405ad8b0b07bc4296631721c78e94677f65e6f2b2ebd1d550b0e25894752fcff", "id": "0xd6ac8bd31f0bb3360076e89cdb04b653cb1f0d74cc435518edc02950bd106eb8_0xa038265ab3d9ebac2b89b6cd9303b0891b2687f14bf7b3c5d7261b332c93922f", "outcome": "Cleveland Guardians", "price": 0.9500000000000001, "proxy_wallet": "0x1a2f67124f12eaa88be0f6683a95abede555647a", "side": "BUY", "size": 1917, "slug": "mlb-tex-cle-2026-07-01", "timestamp": "2026-07-01T19:37:13Z", "token_id": "86288552152311971878837110424970993696447858867022322166659566304776992899778", "transaction_hash": "0xd6ac8bd31f0bb3360076e89cdb04b653cb1f0d74cc435518edc02950bd106eb8"}, {"condition_id": "0x405ad8b0b07bc4296631721c78e94677f65e6f2b2ebd1d550b0e25894752fcff", "id": "0x542855c586fd00f4c466a2115aa2ac26e45567f6d356c10048cd9671b1a92998_0xe89360fcbff682fe2c6c4d09e211d8038fadaf5a9617829b3a40570152cb972d", "outcome": "Cleveland Guardians", "price": 0.95, "proxy_wallet": "0x1a2f67124f12eaa88be0f6683a95abede555647a", "side": "BUY", "size": 2290, "slug": "mlb-tex-cle-2026-07-01", "timestamp": "2026-07-01T19:37:10Z", "token_id": "86288552152311971878837110424970993696447858867022322166659566304776992899778", "transaction_hash": "0x542855c586fd00f4c466a2115aa2ac26e45567f6d356c10048cd9671b1a92998"}, {"condition_id": "0x405ad8b0b07bc4296631721c78e94677f65e6f2b2ebd1d550b0e25894752fcff", "id": "0xb2144ecb7123b944c3ebf3e6eb6e551e6a93bbca96d6197ae1f0e963b0f8fb63_0x68b5230213620578326b46410bb73d92cc07845709a86fc658a321fa114710d7", "outcome": "Cleveland Guardians", "price": 0.7799999999999999, "proxy_wallet": "0x1a2f67124f12eaa88be0f6683a95abede555647a", "side": "BUY", "size": 240, "slug": "mlb-tex-cle-2026-07-01", "timestamp": "2026-07-01T19:36:59Z", "token_id": "86288552152311971878837110424970993696447858867022322166659566304776992899778", "transaction_hash": "0xb2144ecb7123b944c3ebf3e6eb6e551e6a93bbca96d6197ae1f0e963b0f8fb63"}, {"condition_id": "0x405ad8b0b07bc4296631721c78e94677f65e6f2b2ebd1d550b0e25894752fcff", "id": "0x479e4bfe98195878ef5dcf72f9dfe4270d266d94d649106dac0929babb8be4fa_0x3580e016a73f00c385c26dc30a1f222ee4d0f4d82c158d6421c861580be8f454", "outcome": "Cleveland Guardians", "price": 0.7400000000000001, "proxy_wallet": "0x1a2f67124f12eaa88be0f6683a95abede555647a", "side": "BUY", "size": 730, "slug": "mlb-tex-cle-2026-07-01", "timestamp": "2026-07-01T19:36:59Z", "token_id": "86288552152311971878837110424970993696447858867022322166659566304776992899778", "transaction_hash": "0x479e4bfe98195878ef5dcf72f9dfe4270d266d94d649106dac0929babb8be4fa"}, {"condition_id": "0xe5aced2f23f235d24fc2e22cfee38db7c7c02cf7cf14d05b8e9b9943471b132b", "id": "0xeeec7f2991a1659f9c3ec938fdfcfe7d174cfb7c34bc9c699bbcc512f0ec277f_0xcd72b45b500a793c76e514b09890731e208d945f0a8a6e910dba4765dca94162", "outcome": "Boston Red Sox", "price": 0.01, "proxy_wallet": "0x1a2f67124f12eaa88be0f6683a95abede555647a", "side": "BUY", "size": 790, "slug": "mlb-wsh-bos-2026-07-01", "timestamp": "2026-07-01T19:08:20Z", "token_id": "102856728814722212007476774046874588176005533279717646169885981628498398990707", "transaction_hash": "0xeeec7f2991a1659f9c3ec938fdfcfe7d174cfb7c34bc9c699bbcc512f0ec277f"}, {"condition_id": "0xe5aced2f23f235d24fc2e22cfee38db7c7c02cf7cf14d05b8e9b9943471b132b", "id": "0x401e0937c54cb7e7c053625f73302ececd2860178b8fb09adfb095402ebc720a_0x609d0c2b19857f7fa8ae1134dcc11cdf32ba857dde7902ed98dd60940d270067", "outcome": "Boston Red Sox", "price": 0.01, "proxy_wallet": "0x1a2f67124f12eaa88be0f6683a95abede555647a", "side": "BUY", "size": 2310, "slug": "mlb-wsh-bos-2026-07-01", "timestamp": "2026-07-01T19:08:16Z", "token_id": "102856728814722212007476774046874588176005533279717646169885981628498398990707", "transaction_hash": "0x401e0937c54cb7e7c053625f73302ececd2860178b8fb09adfb095402ebc720a"}, {"condition_id": "0xe5aced2f23f235d24fc2e22cfee38db7c7c02cf7cf14d05b8e9b9943471b132b", "id": "0x215ab235be361d6bff73354bcdc74561b8501a904fb6791bda66fc9de2f74354_0x45dbce14fc2683ba313f273c4d0dc1e6da220dbc9f3dea287ad0cef4ff1118fa", "outcome": "Boston Red Sox", "price": 0.009999999999999998, "proxy_wallet": "0x1a2f67124f12eaa88be0f6683a95abede555647a", "side": "BUY", "size": 1949, "slug": "mlb-wsh-bos-2026-07-01", "timestamp": "2026-07-01T19:08:10Z", "token_id": "102856728814722212007476774046874588176005533279717646169885981628498398990707", "transaction_hash": "0x215ab235be361d6bff73354bcdc74561b8501a904fb6791bda66fc9de2f74354"}, {"condition_id": "0xe5aced2f23f235d24fc2e22cfee38db7c7c02cf7cf14d05b8e9b9943471b132b", "id": "0x57c90c355dcc8f4d697b35561efbed5341df11d224e8de3c83570a82b975d67e_0x0247c52103a78315c3f751b4f4c54a8e1e25a6d8a87bf8673a9793ec0e20126e", "outcome": "Boston Red Sox", "price": 0.01, "proxy_wallet": "0x1a2f67124f12eaa88be0f6683a95abede555647a", "side": "BUY", "size": 1800, "slug": "mlb-wsh-bos-2026-07-01", "timestamp": "2026-07-01T19:08:07Z", "token_id": "102856728814722212007476774046874588176005533279717646169885981628498398990707", "transaction_hash": "0x57c90c355dcc8f4d697b35561efbed5341df11d224e8de3c83570a82b975d67e"}, {"condition_id": "0xe5aced2f23f235d24fc2e22cfee38db7c7c02cf7cf14d05b8e9b9943471b132b", "id": "0x07cbc511cad1cbb59113872705e80af41c3bcfde39c486c49786247483522133_0x1271bcbcf86b94ccdf5fe271e5e0f0cce6bf5caed9086a130e27c39f610ec2a8", "outcome": "Boston Red Sox", "price": 0.01, "proxy_wallet": "0x1a2f67124f12eaa88be0f6683a95abede555647a", "side": "BUY", "size": 2440, "slug": "mlb-wsh-bos-2026-07-01", "timestamp": "2026-07-01T19:08:07Z", "token_id": "102856728814722212007476774046874588176005533279717646169885981628498398990707", "transaction_hash": "0x07cbc511cad1cbb59113872705e80af41c3bcfde39c486c49786247483522133"}, {"condition_id": "0xe5aced2f23f235d24fc2e22cfee38db7c7c02cf7cf14d05b8e9b9943471b132b", "id": "0x24726ef4345339535621883d460bda42914a868b26897bfa1010ed1796f16d81_0x95901dc1c180b3339ad93e5902204bc0fc8180f474748cb3e06a2bfdfe532102", "outcome": "Boston Red Sox", "price": 0.009999999999999998, "proxy_wallet": "0x1a2f67124f12eaa88be0f6683a95abede555647a", "side": "BUY", "size": 2181.32, "slug": "mlb-wsh-bos-2026-07-01", "timestamp": "2026-07-01T19:06:28Z", "token_id": "102856728814722212007476774046874588176005533279717646169885981628498398990707", "transaction_hash": "0x24726ef4345339535621883d460bda42914a868b26897bfa1010ed1796f16d81"}, {"condition_id": "0xe5aced2f23f235d24fc2e22cfee38db7c7c02cf7cf14d05b8e9b9943471b132b", "id": "0x600971032d921a32c6fb7fdc7dd39ba43d5569f20eb8214cfca21487de393199_0xd5ba3435a79cbc334f4f8fe2a91d279bb2ec70466c4ad58d8544e39a280cfe76", "outcome": "Boston Red Sox", "price": 0.12999999999999998, "proxy_wallet": "0x1a2f67124f12eaa88be0f6683a95abede555647a", "side": "BUY", "size": 260, "slug": "mlb-wsh-bos-2026-07-01", "timestamp": "2026-07-01T18:40:41Z", "token_id": "102856728814722212007476774046874588176005533279717646169885981628498398990707", "transaction_hash": "0x600971032d921a32c6fb7fdc7dd39ba43d5569f20eb8214cfca21487de393199"}, {"condition_id": "0xe5aced2f23f235d24fc2e22cfee38db7c7c02cf7cf14d05b8e9b9943471b132b", "id": "0xae2ee21c7a4086d10a5f53e0d241c43eac01e88a46991f38149e4101bc90ec5e_0xcc2dcabaf7d7d6ac13558fcdc184ad298afd7284d5c97fb218c77d877e33b45a", "outcome": "Boston Red Sox", "price": 0.13999999999999999, "proxy_wallet": "0x1a2f67124f12eaa88be0f6683a95abede555647a", "side": "BUY", "size": 890, "slug": "mlb-wsh-bos-2026-07-01", "timestamp": "2026-07-01T18:40:41Z", "token_id": "102856728814722212007476774046874588176005533279717646169885981628498398990707", "transaction_hash": "0xae2ee21c7a4086d10a5f53e0d241c43eac01e88a46991f38149e4101bc90ec5e"}, {"condition_id": "0xf6f693f2d5b402d1d35d78cdebd7268bc219976effb45ce4c10a9b658189258a", "id": "0x2dffa91ff6c703d23d0901c14286b9b7f34951d866569d5283202ab3f3306065_0xa9f31313784f6187bc990d7d4e278019f58d37fb2634c8764be71fda950416cd", "outcome": "Baltimore Orioles", "price": 0.76, "proxy_wallet": "0x1a2f67124f12eaa88be0f6683a95abede555647a", "side": "BUY", "size": 653.54, "slug": "mlb-cws-bal-2026-07-01", "timestamp": "2026-07-01T18:02:49Z", "token_id": "106772639499994269425688186051755351546544480946989280414935538004321721060234", "transaction_hash": "0x2dffa91ff6c703d23d0901c14286b9b7f34951d866569d5283202ab3f3306065"}, {"condition_id": "0xf6f693f2d5b402d1d35d78cdebd7268bc219976effb45ce4c10a9b658189258a", "id": "0x8e7e0c817ba5c0256bdd81177771ccd46fe3ffb826fc8e2cafa3f09ed7122021_0x003360d2f933bc37a0846b1adf917726f345c65d43e299b0221e4e416436275e", "outcome": "Baltimore Orioles", "price": 0.76, "proxy_wallet": "0x1a2f67124f12eaa88be0f6683a95abede555647a", "side": "BUY", "size": 4300, "slug": "mlb-cws-bal-2026-07-01", "timestamp": "2026-07-01T18:02:49Z", "token_id": "106772639499994269425688186051755351546544480946989280414935538004321721060234", "transaction_hash": "0x8e7e0c817ba5c0256bdd81177771ccd46fe3ffb826fc8e2cafa3f09ed7122021"}, {"condition_id": "0x405ad8b0b07bc4296631721c78e94677f65e6f2b2ebd1d550b0e25894752fcff", "id": "0x37903c9e2f0498e5e720bc8bd20a965a218db634818cf6813cfe171c74b51974_0xf06464e0f1a8572503fd886074c2cb952e1d8f78243ef60a634ca60467d1cdac", "outcome": "Cleveland Guardians", "price": 0.85, "proxy_wallet": "0x1a2f67124f12eaa88be0f6683a95abede555647a", "side": "BUY", "size": 1290, "slug": "mlb-tex-cle-2026-07-01", "timestamp": "2026-07-01T17:58:04Z", "token_id": "86288552152311971878837110424970993696447858867022322166659566304776992899778", "transaction_hash": "0x37903c9e2f0498e5e720bc8bd20a965a218db634818cf6813cfe171c74b51974"}, {"condition_id": "0x405ad8b0b07bc4296631721c78e94677f65e6f2b2ebd1d550b0e25894752fcff", "id": "0x8c9b7e8c4dd10c4864018dfb3cc5cf7dc8df13566f26453850de6d8402e9905d_0x1435c679e040fcd68b978dd9650f05aa4b8539a361af58e520481ecf3b98cad0", "outcome": "Cleveland Guardians", "price": 0.85, "proxy_wallet": "0x1a2f67124f12eaa88be0f6683a95abede555647a", "side": "BUY", "size": 694.9, "slug": "mlb-tex-cle-2026-07-01", "timestamp": "2026-07-01T17:58:04Z", "token_id": "86288552152311971878837110424970993696447858867022322166659566304776992899778", "transaction_hash": "0x8c9b7e8c4dd10c4864018dfb3cc5cf7dc8df13566f26453850de6d8402e9905d"}, {"condition_id": "0xf6f693f2d5b402d1d35d78cdebd7268bc219976effb45ce4c10a9b658189258a", "id": "0x11b745a72bdfcab320ee1e6e480232c521b4a835a25a9965e994bb0127de127e_0xe0398fb655d324a83254ecb162f96b0cc74e616dc173be17fd1347fc09d321cf", "outcome": "Baltimore Orioles", "price": 0.49, "proxy_wallet": "0x1a2f67124f12eaa88be0f6683a95abede555647a", "side": "BUY", "size": 63, "slug": "mlb-cws-bal-2026-07-01", "timestamp": "2026-07-01T17:49:58Z", "token_id": "106772639499994269425688186051755351546544480946989280414935538004321721060234", "transaction_hash": "0x11b745a72bdfcab320ee1e6e480232c521b4a835a25a9965e994bb0127de127e"}, {"condition_id": "0x2b92ff7921ac9df284c06f414933c5b01e2ae2436367d3cf5d1619db5d977ec6", "id": "0x82dcef2558c924aebb25312f70776b5180ad94afa064cc0c885fbb40e53eea5a_0x6e70331bb9f4b510a4a35f9cf674a7aa5e5f19579ee970867c8352ae08daade6", "outcome": "Los Angeles Angels", "price": 0.07, "proxy_wallet": "0x1a2f67124f12eaa88be0f6683a95abede555647a", "side": "BUY", "size": 650, "slug": "mlb-laa-sea-2026-06-30", "timestamp": "2026-07-01T04:09:05Z", "token_id": "112147185103898640732147327846230339350167167545447289307545904178212595666962", "transaction_hash": "0x82dcef2558c924aebb25312f70776b5180ad94afa064cc0c885fbb40e53eea5a"}, {"condition_id": "0x2b92ff7921ac9df284c06f414933c5b01e2ae2436367d3cf5d1619db5d977ec6", "id": "0xeff9ea8030bb3a8cb29fb2ee7aad202e5397c5a866fd6d6320bc9fb313d43ba9_0x8f8e7c27fd8457bbe12aecdeeb7586f38317ffc48a079a6edfcb9d8e800ed573", "outcome": "Los Angeles Angels", "price": 0.08, "proxy_wallet": "0x1a2f67124f12eaa88be0f6683a95abede555647a", "side": "BUY", "size": 61.5, "slug": "mlb-laa-sea-2026-06-30", "timestamp": "2026-07-01T04:00:56Z", "token_id": "112147185103898640732147327846230339350167167545447289307545904178212595666962", "transaction_hash": "0xeff9ea8030bb3a8cb29fb2ee7aad202e5397c5a866fd6d6320bc9fb313d43ba9"}, {"condition_id": "0x2b92ff7921ac9df284c06f414933c5b01e2ae2436367d3cf5d1619db5d977ec6", "id": "0xc8aab7ff733c7d3d57aba139e3a5f62fc1a0666a8d6b7157ae6c19f3adee987a_0xe16c5257b2e03c63842eb9c96af97e3710e961511f41819fed9a71968bb0a6ed", "outcome": "Los Angeles Angels", "price": 0.07992876718665079, "proxy_wallet": "0x1a2f67124f12eaa88be0f6683a95abede555647a", "side": "BUY", "size": 540.48125, "slug": "mlb-laa-sea-2026-06-30", "timestamp": "2026-07-01T04:00:55Z", "token_id": "112147185103898640732147327846230339350167167545447289307545904178212595666962", "transaction_hash": "0xc8aab7ff733c7d3d57aba139e3a5f62fc1a0666a8d6b7157ae6c19f3adee987a"}], "polled_at": "2026-07-02T01:49:59.088622+00:00"}