{"wallet": "0xe7a2052a8b7c6b865e3eb3d16300a4db7432ae70", "total_trades_90d": 200, "mlb_trades_count": 23, "mlb_condition_ids": ["0x04c736342b639e05fc4eb5512a7b46fec794e79c93a6c06b89e866fe70d15003", "0x44eadfffa32972468fe521bd094c91ef5d2eb4190f2c7caf528c984ad734b89f"], "mlb_trade_details": [{"condition_id": "0x04c736342b639e05fc4eb5512a7b46fec794e79c93a6c06b89e866fe70d15003", "id": "0x002d7ee9c39e7092d16e63f9036b6eb359257bb3736c30172165c823cc1bb7da_0xa268108905d0f99526235542652282320afa50258718fc4f2fa4c413c8d84e5e", "outcome": "Pittsburgh Pirates", "price": 0.16000000000000003, "proxy_wallet": "0xe7a2052a8b7c6b865e3eb3d16300a4db7432ae70", "side": "SELL", "size": 9999.89, "slug": "mlb-pit-phi-2026-07-01", "timestamp": "2026-07-01T23:49:37Z", "token_id": "11562383647728491295498784192606069157753932455838420463713222976619310305836", "transaction_hash": "0x002d7ee9c39e7092d16e63f9036b6eb359257bb3736c30172165c823cc1bb7da"}, {"condition_id": "0x04c736342b639e05fc4eb5512a7b46fec794e79c93a6c06b89e866fe70d15003", "id": "0xf7fbe215bee2d7a0350e9339114f306805990f49256f7c1eba03d78f1edd57f8_0x817ad0bf55514b1e18fcec688960a94acd6642a6b4b9fce17763d748e572abe8", "outcome": "Pittsburgh Pirates", "price": 0.42, "proxy_wallet": "0xe7a2052a8b7c6b865e3eb3d16300a4db7432ae70", "side": "BUY", "size": 485.42, "slug": "mlb-pit-phi-2026-07-01", "timestamp": "2026-07-01T22:20:16Z", "token_id": "11562383647728491295498784192606069157753932455838420463713222976619310305836", "transaction_hash": "0xf7fbe215bee2d7a0350e9339114f306805990f49256f7c1eba03d78f1edd57f8"}, {"condition_id": "0x04c736342b639e05fc4eb5512a7b46fec794e79c93a6c06b89e866fe70d15003", "id": "0x10f80ed4fb00b375d6dfd7c06f61d3d6fb20b10c21c43365539be92d0632810f_0x817ad0bf55514b1e18fcec688960a94acd6642a6b4b9fce17763d748e572abe8", "outcome": "Pittsburgh Pirates", "price": 0.42000000174000013, "proxy_wallet": "0xe7a2052a8b7c6b865e3eb3d16300a4db7432ae70", "side": "BUY", "size": 34.482757, "slug": "mlb-pit-phi-2026-07-01", "timestamp": "2026-07-01T22:19:32Z", "token_id": "11562383647728491295498784192606069157753932455838420463713222976619310305836", "transaction_hash": "0x10f80ed4fb00b375d6dfd7c06f61d3d6fb20b10c21c43365539be92d0632810f"}, {"condition_id": "0x04c736342b639e05fc4eb5512a7b46fec794e79c93a6c06b89e866fe70d15003", "id": "0x33df0d0857df99c1740a14a8023e6f0f85f13576fef530aa00a94e140f01c00d_0x817ad0bf55514b1e18fcec688960a94acd6642a6b4b9fce17763d748e572abe8", "outcome": "Pittsburgh Pirates", "price": 0.4200000003269645, "proxy_wallet": "0xe7a2052a8b7c6b865e3eb3d16300a4db7432ae70", "side": "BUY", "size": 856.362066, "slug": "mlb-pit-phi-2026-07-01", "timestamp": "2026-07-01T22:19:32Z", "token_id": "11562383647728491295498784192606069157753932455838420463713222976619310305836", "transaction_hash": "0x33df0d0857df99c1740a14a8023e6f0f85f13576fef530aa00a94e140f01c00d"}, {"condition_id": "0x04c736342b639e05fc4eb5512a7b46fec794e79c93a6c06b89e866fe70d15003", "id": "0x8d25a4ecd133f6fa9611990d5d41939f9d67f67d99e4e50dbd1d059e1be22f84_0x817ad0bf55514b1e18fcec688960a94acd6642a6b4b9fce17763d748e572abe8", "outcome": "Pittsburgh Pirates", "price": 0.42000000046399993, "proxy_wallet": "0xe7a2052a8b7c6b865e3eb3d16300a4db7432ae70", "side": "BUY", "size": 517.241378, "slug": "mlb-pit-phi-2026-07-01", "timestamp": "2026-07-01T22:18:25Z", "token_id": "11562383647728491295498784192606069157753932455838420463713222976619310305836", "transaction_hash": "0x8d25a4ecd133f6fa9611990d5d41939f9d67f67d99e4e50dbd1d059e1be22f84"}, {"condition_id": "0x04c736342b639e05fc4eb5512a7b46fec794e79c93a6c06b89e866fe70d15003", "id": "0x871f8f5cf47e921309ba387ef98e178d672afe4e8dc58cabbafa450ceb01f32e_0x817ad0bf55514b1e18fcec688960a94acd6642a6b4b9fce17763d748e572abe8", "outcome": "Pittsburgh Pirates", "price": 0.4200000001102, "proxy_wallet": "0xe7a2052a8b7c6b865e3eb3d16300a4db7432ae70", "side": "BUY", "size": 3448.275861, "slug": "mlb-pit-phi-2026-07-01", "timestamp": "2026-07-01T22:17:05Z", "token_id": "11562383647728491295498784192606069157753932455838420463713222976619310305836", "transaction_hash": "0x871f8f5cf47e921309ba387ef98e178d672afe4e8dc58cabbafa450ceb01f32e"}, {"condition_id": "0x04c736342b639e05fc4eb5512a7b46fec794e79c93a6c06b89e866fe70d15003", "id": "0x408e80370fba7795bc28d97ee32a7c7bc1c434b8ef67bc44da4625ddd4f19e0a_0x817ad0bf55514b1e18fcec688960a94acd6642a6b4b9fce17763d748e572abe8", "outcome": "Pittsburgh Pirates", "price": 0.4200000202387523, "proxy_wallet": "0xe7a2052a8b7c6b865e3eb3d16300a4db7432ae70", "side": "BUY", "size": 18.775861, "slug": "mlb-pit-phi-2026-07-01", "timestamp": "2026-07-01T22:12:37Z", "token_id": "11562383647728491295498784192606069157753932455838420463713222976619310305836", "transaction_hash": "0x408e80370fba7795bc28d97ee32a7c7bc1c434b8ef67bc44da4625ddd4f19e0a"}, {"condition_id": "0x04c736342b639e05fc4eb5512a7b46fec794e79c93a6c06b89e866fe70d15003", "id": "0x26d6b2e73aff7c15af47e76fbd360139d035db7f1a332a9d1402dd0367e059b3_0x817ad0bf55514b1e18fcec688960a94acd6642a6b4b9fce17763d748e572abe8", "outcome": "Pittsburgh Pirates", "price": 0.420000015095892, "proxy_wallet": "0xe7a2052a8b7c6b865e3eb3d16300a4db7432ae70", "side": "BUY", "size": 25.172411, "slug": "mlb-pit-phi-2026-07-01", "timestamp": "2026-07-01T22:10:55Z", "token_id": "11562383647728491295498784192606069157753932455838420463713222976619310305836", "transaction_hash": "0x26d6b2e73aff7c15af47e76fbd360139d035db7f1a332a9d1402dd0367e059b3"}, {"condition_id": "0x04c736342b639e05fc4eb5512a7b46fec794e79c93a6c06b89e866fe70d15003", "id": "0xa2919b18f4ff88a117c693362088fba2380d1f32af3a71c138aac16ea731594b_0x817ad0bf55514b1e18fcec688960a94acd6642a6b4b9fce17763d748e572abe8", "outcome": "Pittsburgh Pirates", "price": 0.4200000046400009, "proxy_wallet": "0xe7a2052a8b7c6b865e3eb3d16300a4db7432ae70", "side": "BUY", "size": 8.620688, "slug": "mlb-pit-phi-2026-07-01", "timestamp": "2026-07-01T22:07:59Z", "token_id": "11562383647728491295498784192606069157753932455838420463713222976619310305836", "transaction_hash": "0xa2919b18f4ff88a117c693362088fba2380d1f32af3a71c138aac16ea731594b"}, {"condition_id": "0x04c736342b639e05fc4eb5512a7b46fec794e79c93a6c06b89e866fe70d15003", "id": "0x8f3e8392011a6d62705fd38f08c30463cc796e21238a5c1a84d66222d76dca91_0x817ad0bf55514b1e18fcec688960a94acd6642a6b4b9fce17763d748e572abe8", "outcome": "Pittsburgh Pirates", "price": 0.4200000046400009, "proxy_wallet": "0xe7a2052a8b7c6b865e3eb3d16300a4db7432ae70", "side": "BUY", "size": 8.620688, "slug": "mlb-pit-phi-2026-07-01", "timestamp": "2026-07-01T22:06:49Z", "token_id": "11562383647728491295498784192606069157753932455838420463713222976619310305836", "transaction_hash": "0x8f3e8392011a6d62705fd38f08c30463cc796e21238a5c1a84d66222d76dca91"}, {"condition_id": "0x04c736342b639e05fc4eb5512a7b46fec794e79c93a6c06b89e866fe70d15003", "id": "0x6cb57fd431fe85e833dc57975c93066aaec2305f12e5842e5d46dbd5d5ff2400_0x817ad0bf55514b1e18fcec688960a94acd6642a6b4b9fce17763d748e572abe8", "outcome": "Pittsburgh Pirates", "price": 0.42000000023199996, "proxy_wallet": "0xe7a2052a8b7c6b865e3eb3d16300a4db7432ae70", "side": "BUY", "size": 1724.13793, "slug": "mlb-pit-phi-2026-07-01", "timestamp": "2026-07-01T22:06:41Z", "token_id": "11562383647728491295498784192606069157753932455838420463713222976619310305836", "transaction_hash": "0x6cb57fd431fe85e833dc57975c93066aaec2305f12e5842e5d46dbd5d5ff2400"}, {"condition_id": "0x04c736342b639e05fc4eb5512a7b46fec794e79c93a6c06b89e866fe70d15003", "id": "0xffc056f61ba97c60be570266bfdcd4138c0b7891c30263bb05adeadbc36d89e7_0x817ad0bf55514b1e18fcec688960a94acd6642a6b4b9fce17763d748e572abe8", "outcome": "Pittsburgh Pirates", "price": 0.4200001740002958, "proxy_wallet": "0xe7a2052a8b7c6b865e3eb3d16300a4db7432ae70", "side": "BUY", "size": 1.724135, "slug": "mlb-pit-phi-2026-07-01", "timestamp": "2026-07-01T22:05:38Z", "token_id": "11562383647728491295498784192606069157753932455838420463713222976619310305836", "transaction_hash": "0xffc056f61ba97c60be570266bfdcd4138c0b7891c30263bb05adeadbc36d89e7"}, {"condition_id": "0x04c736342b639e05fc4eb5512a7b46fec794e79c93a6c06b89e866fe70d15003", "id": "0xdc7394817f9ef64c6a7790c22f903fa0db03b1614fa47f8a8e0f4ff453a60aa5_0x817ad0bf55514b1e18fcec688960a94acd6642a6b4b9fce17763d748e572abe8", "outcome": "Pittsburgh Pirates", "price": 0.42, "proxy_wallet": "0xe7a2052a8b7c6b865e3eb3d16300a4db7432ae70", "side": "BUY", "size": 2025.52, "slug": "mlb-pit-phi-2026-07-01", "timestamp": "2026-07-01T22:05:35Z", "token_id": "11562383647728491295498784192606069157753932455838420463713222976619310305836", "transaction_hash": "0xdc7394817f9ef64c6a7790c22f903fa0db03b1614fa47f8a8e0f4ff453a60aa5"}, {"condition_id": "0x04c736342b639e05fc4eb5512a7b46fec794e79c93a6c06b89e866fe70d15003", "id": "0xe3128dd8e481eaedafdd6642eb6f288dbea49556b975739d82bf2e3c6609babf_0x817ad0bf55514b1e18fcec688960a94acd6642a6b4b9fce17763d748e572abe8", "outcome": "Pittsburgh Pirates", "price": 0.4200000029491526, "proxy_wallet": "0xe7a2052a8b7c6b865e3eb3d16300a4db7432ae70", "side": "BUY", "size": 101.724135, "slug": "mlb-pit-phi-2026-07-01", "timestamp": "2026-07-01T22:02:43Z", "token_id": "11562383647728491295498784192606069157753932455838420463713222976619310305836", "transaction_hash": "0xe3128dd8e481eaedafdd6642eb6f288dbea49556b975739d82bf2e3c6609babf"}, {"condition_id": "0x04c736342b639e05fc4eb5512a7b46fec794e79c93a6c06b89e866fe70d15003", "id": "0x9298d64a6876d796bb0449832cdf2d5eb63c646efa4b36e3773f5a82be1d370c_0x817ad0bf55514b1e18fcec688960a94acd6642a6b4b9fce17763d748e572abe8", "outcome": "Pittsburgh Pirates", "price": 0.420000013920001, "proxy_wallet": "0xe7a2052a8b7c6b865e3eb3d16300a4db7432ae70", "side": "BUY", "size": 17.241378, "slug": "mlb-pit-phi-2026-07-01", "timestamp": "2026-07-01T22:01:17Z", "token_id": "11562383647728491295498784192606069157753932455838420463713222976619310305836", "transaction_hash": "0x9298d64a6876d796bb0449832cdf2d5eb63c646efa4b36e3773f5a82be1d370c"}, {"condition_id": "0x04c736342b639e05fc4eb5512a7b46fec794e79c93a6c06b89e866fe70d15003", "id": "0x0c3a12a2a7a6a9988153a4712e01571a756300df35511c81e562bf0b3171bacf_0x817ad0bf55514b1e18fcec688960a94acd6642a6b4b9fce17763d748e572abe8", "outcome": "Pittsburgh Pirates", "price": 0.42, "proxy_wallet": "0xe7a2052a8b7c6b865e3eb3d16300a4db7432ae70", "side": "BUY", "size": 59.52, "slug": "mlb-pit-phi-2026-07-01", "timestamp": "2026-07-01T22:00:38Z", "token_id": "11562383647728491295498784192606069157753932455838420463713222976619310305836", "transaction_hash": "0x0c3a12a2a7a6a9988153a4712e01571a756300df35511c81e562bf0b3171bacf"}, {"condition_id": "0x04c736342b639e05fc4eb5512a7b46fec794e79c93a6c06b89e866fe70d15003", "id": "0xc732181784e8bd6deb29ee2dc488546810dc8ac55963bf1107ac5fc642115cc4_0x817ad0bf55514b1e18fcec688960a94acd6642a6b4b9fce17763d748e572abe8", "outcome": "Pittsburgh Pirates", "price": 0.4200000046400009, "proxy_wallet": "0xe7a2052a8b7c6b865e3eb3d16300a4db7432ae70", "side": "BUY", "size": 8.620688, "slug": "mlb-pit-phi-2026-07-01", "timestamp": "2026-07-01T21:54:41Z", "token_id": "11562383647728491295498784192606069157753932455838420463713222976619310305836", "transaction_hash": "0xc732181784e8bd6deb29ee2dc488546810dc8ac55963bf1107ac5fc642115cc4"}, {"condition_id": "0x04c736342b639e05fc4eb5512a7b46fec794e79c93a6c06b89e866fe70d15003", "id": "0x99426b35b46ffc89885d02f9d1f16c2e0cf49ebe30f8ee27e4dd59fb805d4389_0x817ad0bf55514b1e18fcec688960a94acd6642a6b4b9fce17763d748e572abe8", "outcome": "Pittsburgh Pirates", "price": 0.4200000046400009, "proxy_wallet": "0xe7a2052a8b7c6b865e3eb3d16300a4db7432ae70", "side": "BUY", "size": 8.620688, "slug": "mlb-pit-phi-2026-07-01", "timestamp": "2026-07-01T21:54:38Z", "token_id": "11562383647728491295498784192606069157753932455838420463713222976619310305836", "transaction_hash": "0x99426b35b46ffc89885d02f9d1f16c2e0cf49ebe30f8ee27e4dd59fb805d4389"}, {"condition_id": "0x04c736342b639e05fc4eb5512a7b46fec794e79c93a6c06b89e866fe70d15003", "id": "0x6a94c5baf30f3370a4e7dee75689416418cb1eaab066b7f6e1c7c316e7a7b940_0x817ad0bf55514b1e18fcec688960a94acd6642a6b4b9fce17763d748e572abe8", "outcome": "Pittsburgh Pirates", "price": 0.4200000046400009, "proxy_wallet": "0xe7a2052a8b7c6b865e3eb3d16300a4db7432ae70", "side": "BUY", "size": 8.620688, "slug": "mlb-pit-phi-2026-07-01", "timestamp": "2026-07-01T21:54:16Z", "token_id": "11562383647728491295498784192606069157753932455838420463713222976619310305836", "transaction_hash": "0x6a94c5baf30f3370a4e7dee75689416418cb1eaab066b7f6e1c7c316e7a7b940"}, {"condition_id": "0x04c736342b639e05fc4eb5512a7b46fec794e79c93a6c06b89e866fe70d15003", "id": "0xf2f9d56b45aad02fdb4dadab7513b294c489b636a3ccc1e93dc3e843f7265f27_0x817ad0bf55514b1e18fcec688960a94acd6642a6b4b9fce17763d748e572abe8", "outcome": "Pittsburgh Pirates", "price": 0.42, "proxy_wallet": "0xe7a2052a8b7c6b865e3eb3d16300a4db7432ae70", "side": "BUY", "size": 100, "slug": "mlb-pit-phi-2026-07-01", "timestamp": "2026-07-01T21:53:34Z", "token_id": "11562383647728491295498784192606069157753932455838420463713222976619310305836", "transaction_hash": "0xf2f9d56b45aad02fdb4dadab7513b294c489b636a3ccc1e93dc3e843f7265f27"}, {"condition_id": "0x04c736342b639e05fc4eb5512a7b46fec794e79c93a6c06b89e866fe70d15003", "id": "0x582d16f7c6f47e4244fe43ccb46399a77924b1d4bc20b165ddfc5833785b5570_0x817ad0bf55514b1e18fcec688960a94acd6642a6b4b9fce17763d748e572abe8", "outcome": "Pittsburgh Pirates", "price": 0.42, "proxy_wallet": "0xe7a2052a8b7c6b865e3eb3d16300a4db7432ae70", "side": "BUY", "size": 541.19, "slug": "mlb-pit-phi-2026-07-01", "timestamp": "2026-07-01T21:50:35Z", "token_id": "11562383647728491295498784192606069157753932455838420463713222976619310305836", "transaction_hash": "0x582d16f7c6f47e4244fe43ccb46399a77924b1d4bc20b165ddfc5833785b5570"}, {"condition_id": "0x44eadfffa32972468fe521bd094c91ef5d2eb4190f2c7caf528c984ad734b89f", "id": "0xfc6c9a39b385d7243c1773ed660278728ac6e9db74e8e4fc2df9a99c3d9f9868_0x0a3b3e970c5ed78f32a9ae69eb71f53aac0ae4ced7c2a95ae7b3828405717f41", "outcome": "Over", "price": 0.57, "proxy_wallet": "0xe7a2052a8b7c6b865e3eb3d16300a4db7432ae70", "side": "BUY", "size": 9838, "slug": "mlb-lad-oak-2026-06-30-total-10pt5", "timestamp": "2026-06-30T22:12:23Z", "token_id": "113920891144979991271342209855389601476041805222536929335813503845142216967722", "transaction_hash": "0xfc6c9a39b385d7243c1773ed660278728ac6e9db74e8e4fc2df9a99c3d9f9868"}, {"condition_id": "0x44eadfffa32972468fe521bd094c91ef5d2eb4190f2c7caf528c984ad734b89f", "id": "0x11f0668712e063573ecc0979d3d209ab7bf93350b477639026e94f60c50ffe21_0x0a3b3e970c5ed78f32a9ae69eb71f53aac0ae4ced7c2a95ae7b3828405717f41", "outcome": "Over", "price": 0.5700001298658198, "proxy_wallet": "0xe7a2052a8b7c6b865e3eb3d16300a4db7432ae70", "side": "BUY", "size": 3.465115, "slug": "mlb-lad-oak-2026-06-30-total-10pt5", "timestamp": "2026-06-30T21:58:07Z", "token_id": "113920891144979991271342209855389601476041805222536929335813503845142216967722", "transaction_hash": "0x11f0668712e063573ecc0979d3d209ab7bf93350b477639026e94f60c50ffe21"}], "polled_at": "2026-07-02T01:49:33.438906+00:00"}