{"wallet": "0x05e17fb524aa6896de92dec88db2f0e4dd5285a2", "total_trades_90d": 48, "mlb_trades_count": 29, "mlb_condition_ids": ["0x3df7be753c8b6ebbddf31d6d63535c4b31c836cb25b1a73085508a271bc103db", "0x67a229c77a9ac893f3895ed4dd1dfd1f89a6145da408bba530a544ec77ff6bfb", "0xbabc896225844371b57a54468c5e2638a47fc64039765fb61c68d10f23885331"], "mlb_trade_details": [{"condition_id": "0x67a229c77a9ac893f3895ed4dd1dfd1f89a6145da408bba530a544ec77ff6bfb", "id": "0x09d74d75c9dd6252399c2674382c029acd7c64de4d0427786c9788efd97e9472_0x3cfd0e5767d7872f3371e5073a70ad584d6cef66ae615d5c43bdd58efa62e61b", "outcome": "Yes", "price": 0.026, "proxy_wallet": "0x05e17fb524aa6896de92dec88db2f0e4dd5285a2", "side": "SELL", "size": 40.74, "slug": "will-the-cleveland-guardians-win-the-2026-world-series", "timestamp": "2026-06-29T03:50:41Z", "token_id": "86836855507912353672331273895741550012643122260675758564432763672972116051156", "transaction_hash": "0x09d74d75c9dd6252399c2674382c029acd7c64de4d0427786c9788efd97e9472"}, {"condition_id": "0x67a229c77a9ac893f3895ed4dd1dfd1f89a6145da408bba530a544ec77ff6bfb", "id": "0xf3ef9a80d1d0a29da893f78712e9e33ffe8691c4c9601c21d8a178f19b532ab3_0x3cfd0e5767d7872f3371e5073a70ad584d6cef66ae615d5c43bdd58efa62e61b", "outcome": "Yes", "price": 0.026, "proxy_wallet": "0x05e17fb524aa6896de92dec88db2f0e4dd5285a2", "side": "SELL", "size": 30.98, "slug": "will-the-cleveland-guardians-win-the-2026-world-series", "timestamp": "2026-06-29T02:03:46Z", "token_id": "86836855507912353672331273895741550012643122260675758564432763672972116051156", "transaction_hash": "0xf3ef9a80d1d0a29da893f78712e9e33ffe8691c4c9601c21d8a178f19b532ab3"}, {"condition_id": "0x67a229c77a9ac893f3895ed4dd1dfd1f89a6145da408bba530a544ec77ff6bfb", "id": "0xca594efef7319511fb470f98cf9ff28efaefeaf43fd80848ff1cf652050ab1e5_0x3cfd0e5767d7872f3371e5073a70ad584d6cef66ae615d5c43bdd58efa62e61b", "outcome": "Yes", "price": 0.02599997498799905, "proxy_wallet": "0x05e17fb524aa6896de92dec88db2f0e4dd5285a2", "side": "SELL", "size": 38.461537, "slug": "will-the-cleveland-guardians-win-the-2026-world-series", "timestamp": "2026-06-29T01:43:37Z", "token_id": "86836855507912353672331273895741550012643122260675758564432763672972116051156", "transaction_hash": "0xca594efef7319511fb470f98cf9ff28efaefeaf43fd80848ff1cf652050ab1e5"}, {"condition_id": "0x67a229c77a9ac893f3895ed4dd1dfd1f89a6145da408bba530a544ec77ff6bfb", "id": "0x2b3fcdeaf697f8dcca8941423b2e9a9eb2e889662cc1edb866c476b0a15073f6_0x3cfd0e5767d7872f3371e5073a70ad584d6cef66ae615d5c43bdd58efa62e61b", "outcome": "Yes", "price": 0.026, "proxy_wallet": "0x05e17fb524aa6896de92dec88db2f0e4dd5285a2", "side": "SELL", "size": 76.78, "slug": "will-the-cleveland-guardians-win-the-2026-world-series", "timestamp": "2026-06-29T01:39:44Z", "token_id": "86836855507912353672331273895741550012643122260675758564432763672972116051156", "transaction_hash": "0x2b3fcdeaf697f8dcca8941423b2e9a9eb2e889662cc1edb866c476b0a15073f6"}, {"condition_id": "0x67a229c77a9ac893f3895ed4dd1dfd1f89a6145da408bba530a544ec77ff6bfb", "id": "0x271accbf5c2022afdf8651ba7556d9072c7d49cc5c231b7a96519a44c88005b8_0x3cfd0e5767d7872f3371e5073a70ad584d6cef66ae615d5c43bdd58efa62e61b", "outcome": "Yes", "price": 0.026000000000000002, "proxy_wallet": "0x05e17fb524aa6896de92dec88db2f0e4dd5285a2", "side": "SELL", "size": 52.97, "slug": "will-the-cleveland-guardians-win-the-2026-world-series", "timestamp": "2026-06-29T01:36:53Z", "token_id": "86836855507912353672331273895741550012643122260675758564432763672972116051156", "transaction_hash": "0x271accbf5c2022afdf8651ba7556d9072c7d49cc5c231b7a96519a44c88005b8"}, {"condition_id": "0x67a229c77a9ac893f3895ed4dd1dfd1f89a6145da408bba530a544ec77ff6bfb", "id": "0xedd88410ea3cdce95369ba0bb992a5b16578db8a6b6ca319a5f7d653e844cb9a_0x3cfd0e5767d7872f3371e5073a70ad584d6cef66ae615d5c43bdd58efa62e61b", "outcome": "Yes", "price": 0.026, "proxy_wallet": "0x05e17fb524aa6896de92dec88db2f0e4dd5285a2", "side": "SELL", "size": 46.89, "slug": "will-the-cleveland-guardians-win-the-2026-world-series", "timestamp": "2026-06-29T01:27:05Z", "token_id": "86836855507912353672331273895741550012643122260675758564432763672972116051156", "transaction_hash": "0xedd88410ea3cdce95369ba0bb992a5b16578db8a6b6ca319a5f7d653e844cb9a"}, {"condition_id": "0x67a229c77a9ac893f3895ed4dd1dfd1f89a6145da408bba530a544ec77ff6bfb", "id": "0xa8a4877789f62c2b2247c1af7b50b0fc6ed3271e0b2e31ff6f2e3e03abbbcb02_0x3cfd0e5767d7872f3371e5073a70ad584d6cef66ae615d5c43bdd58efa62e61b", "outcome": "Yes", "price": 0.026, "proxy_wallet": "0x05e17fb524aa6896de92dec88db2f0e4dd5285a2", "side": "SELL", "size": 0.37, "slug": "will-the-cleveland-guardians-win-the-2026-world-series", "timestamp": "2026-06-29T01:22:38Z", "token_id": "86836855507912353672331273895741550012643122260675758564432763672972116051156", "transaction_hash": "0xa8a4877789f62c2b2247c1af7b50b0fc6ed3271e0b2e31ff6f2e3e03abbbcb02"}, {"condition_id": "0x67a229c77a9ac893f3895ed4dd1dfd1f89a6145da408bba530a544ec77ff6bfb", "id": "0xc3861a485f1e5f6a6d6228da5ca8688e311c1c009159c671f40c3a26f81d3dc7_0x3cfd0e5767d7872f3371e5073a70ad584d6cef66ae615d5c43bdd58efa62e61b", "outcome": "Yes", "price": 0.026, "proxy_wallet": "0x05e17fb524aa6896de92dec88db2f0e4dd5285a2", "side": "SELL", "size": 48.21, "slug": "will-the-cleveland-guardians-win-the-2026-world-series", "timestamp": "2026-06-29T01:10:40Z", "token_id": "86836855507912353672331273895741550012643122260675758564432763672972116051156", "transaction_hash": "0xc3861a485f1e5f6a6d6228da5ca8688e311c1c009159c671f40c3a26f81d3dc7"}, {"condition_id": "0x67a229c77a9ac893f3895ed4dd1dfd1f89a6145da408bba530a544ec77ff6bfb", "id": "0xaa8efb45d9ee2f6bc3de7246c66d173e729858b72f9b048e9d7c955cbab380dc_0x3cfd0e5767d7872f3371e5073a70ad584d6cef66ae615d5c43bdd58efa62e61b", "outcome": "Yes", "price": 0.026, "proxy_wallet": "0x05e17fb524aa6896de92dec88db2f0e4dd5285a2", "side": "SELL", "size": 50.78, "slug": "will-the-cleveland-guardians-win-the-2026-world-series", "timestamp": "2026-06-29T01:10:25Z", "token_id": "86836855507912353672331273895741550012643122260675758564432763672972116051156", "transaction_hash": "0xaa8efb45d9ee2f6bc3de7246c66d173e729858b72f9b048e9d7c955cbab380dc"}, {"condition_id": "0x67a229c77a9ac893f3895ed4dd1dfd1f89a6145da408bba530a544ec77ff6bfb", "id": "0x88fb0dc96ff115651d4a5c96b76c43c04f17380d3f78724a5f753e87a66ab665_0x3cfd0e5767d7872f3371e5073a70ad584d6cef66ae615d5c43bdd58efa62e61b", "outcome": "Yes", "price": 0.026, "proxy_wallet": "0x05e17fb524aa6896de92dec88db2f0e4dd5285a2", "side": "SELL", "size": 53.42, "slug": "will-the-cleveland-guardians-win-the-2026-world-series", "timestamp": "2026-06-29T00:59:38Z", "token_id": "86836855507912353672331273895741550012643122260675758564432763672972116051156", "transaction_hash": "0x88fb0dc96ff115651d4a5c96b76c43c04f17380d3f78724a5f753e87a66ab665"}, {"condition_id": "0xbabc896225844371b57a54468c5e2638a47fc64039765fb61c68d10f23885331", "id": "0xa987b04dc044d38d72275d53e3ea501a1a3105cc4bfd61b7c57a2a8813c838a5_0x3ba57ba5d37cbff679c3e452fc82cbd23902592b214ccc366b1cf0b722df07b7", "outcome": "Atlanta Braves", "price": 0.49, "proxy_wallet": "0x05e17fb524aa6896de92dec88db2f0e4dd5285a2", "side": "SELL", "size": 1131.66, "slug": "mlb-atl-cws-2026-06-11", "timestamp": "2026-06-28T18:33:20Z", "token_id": "50758375613609205206722321143299691492416072642609722392299342065304974315278", "transaction_hash": "0xa987b04dc044d38d72275d53e3ea501a1a3105cc4bfd61b7c57a2a8813c838a5"}, {"condition_id": "0xbabc896225844371b57a54468c5e2638a47fc64039765fb61c68d10f23885331", "id": "0x94e2108d226fc45dd8ae51e0673293e81b4ee2d99ce31b752c22ccc15a95fca4_0xc4e2654bea969f57c176ba4ce547339347939420b7fd18fd2d62a5b8c02491be", "outcome": "Atlanta Braves", "price": 0.5, "proxy_wallet": "0x05e17fb524aa6896de92dec88db2f0e4dd5285a2", "side": "SELL", "size": 0.98, "slug": "mlb-atl-cws-2026-06-11", "timestamp": "2026-06-28T14:52:25Z", "token_id": "50758375613609205206722321143299691492416072642609722392299342065304974315278", "transaction_hash": "0x94e2108d226fc45dd8ae51e0673293e81b4ee2d99ce31b752c22ccc15a95fca4"}, {"condition_id": "0xbabc896225844371b57a54468c5e2638a47fc64039765fb61c68d10f23885331", "id": "0x56eb3f035a924970e65259de42dff0beb344defca41471dbbd65829c365343e4_0xc4e2654bea969f57c176ba4ce547339347939420b7fd18fd2d62a5b8c02491be", "outcome": "Atlanta Braves", "price": 0.5, "proxy_wallet": "0x05e17fb524aa6896de92dec88db2f0e4dd5285a2", "side": "SELL", "size": 3.84, "slug": "mlb-atl-cws-2026-06-11", "timestamp": "2026-06-28T13:50:52Z", "token_id": "50758375613609205206722321143299691492416072642609722392299342065304974315278", "transaction_hash": "0x56eb3f035a924970e65259de42dff0beb344defca41471dbbd65829c365343e4"}, {"condition_id": "0xbabc896225844371b57a54468c5e2638a47fc64039765fb61c68d10f23885331", "id": "0xced37e22bb9a541cf7a984c71e6963b610d32492343d44a92543f6f6609c2a1c_0xc4e2654bea969f57c176ba4ce547339347939420b7fd18fd2d62a5b8c02491be", "outcome": "Atlanta Braves", "price": 0.5, "proxy_wallet": "0x05e17fb524aa6896de92dec88db2f0e4dd5285a2", "side": "SELL", "size": 0.01, "slug": "mlb-atl-cws-2026-06-11", "timestamp": "2026-06-28T13:47:47Z", "token_id": "50758375613609205206722321143299691492416072642609722392299342065304974315278", "transaction_hash": "0xced37e22bb9a541cf7a984c71e6963b610d32492343d44a92543f6f6609c2a1c"}, {"condition_id": "0xbabc896225844371b57a54468c5e2638a47fc64039765fb61c68d10f23885331", "id": "0x2f52ec1bced98d664fb13fad1e6f80ed7d6c45d2a1c380e32ca256828e6abc78_0xc4e2654bea969f57c176ba4ce547339347939420b7fd18fd2d62a5b8c02491be", "outcome": "Atlanta Braves", "price": 0.5, "proxy_wallet": "0x05e17fb524aa6896de92dec88db2f0e4dd5285a2", "side": "SELL", "size": 0.08, "slug": "mlb-atl-cws-2026-06-11", "timestamp": "2026-06-28T12:14:20Z", "token_id": "50758375613609205206722321143299691492416072642609722392299342065304974315278", "transaction_hash": "0x2f52ec1bced98d664fb13fad1e6f80ed7d6c45d2a1c380e32ca256828e6abc78"}, {"condition_id": "0xbabc896225844371b57a54468c5e2638a47fc64039765fb61c68d10f23885331", "id": "0xe6d998ccd04bfd7b3b9304b06ad200fd333e171a1d3bfa15f6280ff606fa40d2_0xc4e2654bea969f57c176ba4ce547339347939420b7fd18fd2d62a5b8c02491be", "outcome": "Atlanta Braves", "price": 0.5, "proxy_wallet": "0x05e17fb524aa6896de92dec88db2f0e4dd5285a2", "side": "SELL", "size": 15.22, "slug": "mlb-atl-cws-2026-06-11", "timestamp": "2026-06-28T12:14:19Z", "token_id": "50758375613609205206722321143299691492416072642609722392299342065304974315278", "transaction_hash": "0xe6d998ccd04bfd7b3b9304b06ad200fd333e171a1d3bfa15f6280ff606fa40d2"}, {"condition_id": "0xbabc896225844371b57a54468c5e2638a47fc64039765fb61c68d10f23885331", "id": "0x7ea683a2c3490e7f1ad3b7b3040542325636396714c3293d807911744f19faf6_0xc4e2654bea969f57c176ba4ce547339347939420b7fd18fd2d62a5b8c02491be", "outcome": "Atlanta Braves", "price": 0.5, "proxy_wallet": "0x05e17fb524aa6896de92dec88db2f0e4dd5285a2", "side": "SELL", "size": 2.04, "slug": "mlb-atl-cws-2026-06-11", "timestamp": "2026-06-28T11:28:26Z", "token_id": "50758375613609205206722321143299691492416072642609722392299342065304974315278", "transaction_hash": "0x7ea683a2c3490e7f1ad3b7b3040542325636396714c3293d807911744f19faf6"}, {"condition_id": "0x67a229c77a9ac893f3895ed4dd1dfd1f89a6145da408bba530a544ec77ff6bfb", "id": "0x31fc4ec6652c62dfeced0a94bd2def01213ef791eed09399ec9897c56bd3b1bb_0x3cfd0e5767d7872f3371e5073a70ad584d6cef66ae615d5c43bdd58efa62e61b", "outcome": "Yes", "price": 0.026, "proxy_wallet": "0x05e17fb524aa6896de92dec88db2f0e4dd5285a2", "side": "SELL", "size": 42.08, "slug": "will-the-cleveland-guardians-win-the-2026-world-series", "timestamp": "2026-06-28T10:15:31Z", "token_id": "86836855507912353672331273895741550012643122260675758564432763672972116051156", "transaction_hash": "0x31fc4ec6652c62dfeced0a94bd2def01213ef791eed09399ec9897c56bd3b1bb"}, {"condition_id": "0x67a229c77a9ac893f3895ed4dd1dfd1f89a6145da408bba530a544ec77ff6bfb", "id": "0xd89a6f13b5604db94a0d41b2ee5ddbd1eb8fb4b9f672ab73dbb9a6a0bc089eb8_0x3cfd0e5767d7872f3371e5073a70ad584d6cef66ae615d5c43bdd58efa62e61b", "outcome": "Yes", "price": 0.026, "proxy_wallet": "0x05e17fb524aa6896de92dec88db2f0e4dd5285a2", "side": "SELL", "size": 44.82, "slug": "will-the-cleveland-guardians-win-the-2026-world-series", "timestamp": "2026-06-28T09:50:59Z", "token_id": "86836855507912353672331273895741550012643122260675758564432763672972116051156", "transaction_hash": "0xd89a6f13b5604db94a0d41b2ee5ddbd1eb8fb4b9f672ab73dbb9a6a0bc089eb8"}, {"condition_id": "0x67a229c77a9ac893f3895ed4dd1dfd1f89a6145da408bba530a544ec77ff6bfb", "id": "0x24292487b42e2a89d10156b37e2a1a35042153a964fa010092d46e62a71737ed_0x3cfd0e5767d7872f3371e5073a70ad584d6cef66ae615d5c43bdd58efa62e61b", "outcome": "Yes", "price": 0.026, "proxy_wallet": "0x05e17fb524aa6896de92dec88db2f0e4dd5285a2", "side": "SELL", "size": 26.68, "slug": "will-the-cleveland-guardians-win-the-2026-world-series", "timestamp": "2026-06-28T09:35:22Z", "token_id": "86836855507912353672331273895741550012643122260675758564432763672972116051156", "transaction_hash": "0x24292487b42e2a89d10156b37e2a1a35042153a964fa010092d46e62a71737ed"}, {"condition_id": "0x67a229c77a9ac893f3895ed4dd1dfd1f89a6145da408bba530a544ec77ff6bfb", "id": "0xb31ff75ebd0986b85bc1092daca06e9f732d79dc02742165806997358e40c70e_0x3cfd0e5767d7872f3371e5073a70ad584d6cef66ae615d5c43bdd58efa62e61b", "outcome": "Yes", "price": 0.026, "proxy_wallet": "0x05e17fb524aa6896de92dec88db2f0e4dd5285a2", "side": "SELL", "size": 58.47, "slug": "will-the-cleveland-guardians-win-the-2026-world-series", "timestamp": "2026-06-28T09:26:43Z", "token_id": "86836855507912353672331273895741550012643122260675758564432763672972116051156", "transaction_hash": "0xb31ff75ebd0986b85bc1092daca06e9f732d79dc02742165806997358e40c70e"}, {"condition_id": "0x67a229c77a9ac893f3895ed4dd1dfd1f89a6145da408bba530a544ec77ff6bfb", "id": "0x3669ff66b8ef1dedcbcafb8fc6fcdc48b02d08aed0429b5dd2bcb0457c05e755_0x3cfd0e5767d7872f3371e5073a70ad584d6cef66ae615d5c43bdd58efa62e61b", "outcome": "Yes", "price": 0.026, "proxy_wallet": "0x05e17fb524aa6896de92dec88db2f0e4dd5285a2", "side": "SELL", "size": 45.45, "slug": "will-the-cleveland-guardians-win-the-2026-world-series", "timestamp": "2026-06-28T09:16:58Z", "token_id": "86836855507912353672331273895741550012643122260675758564432763672972116051156", "transaction_hash": "0x3669ff66b8ef1dedcbcafb8fc6fcdc48b02d08aed0429b5dd2bcb0457c05e755"}, {"condition_id": "0x67a229c77a9ac893f3895ed4dd1dfd1f89a6145da408bba530a544ec77ff6bfb", "id": "0xd11ceacc7826ca05f69674096ce6e54fe2bf566a3530b8b26919bbe155fc15ca_0x3cfd0e5767d7872f3371e5073a70ad584d6cef66ae615d5c43bdd58efa62e61b", "outcome": "Yes", "price": 0.026, "proxy_wallet": "0x05e17fb524aa6896de92dec88db2f0e4dd5285a2", "side": "SELL", "size": 58.6, "slug": "will-the-cleveland-guardians-win-the-2026-world-series", "timestamp": "2026-06-28T09:11:20Z", "token_id": "86836855507912353672331273895741550012643122260675758564432763672972116051156", "transaction_hash": "0xd11ceacc7826ca05f69674096ce6e54fe2bf566a3530b8b26919bbe155fc15ca"}, {"condition_id": "0xbabc896225844371b57a54468c5e2638a47fc64039765fb61c68d10f23885331", "id": "0xa1c5ef08af1c185bb8e5500f7436e937932d42224acd418fd423373068500c12_0xc4e2654bea969f57c176ba4ce547339347939420b7fd18fd2d62a5b8c02491be", "outcome": "Atlanta Braves", "price": 0.5, "proxy_wallet": "0x05e17fb524aa6896de92dec88db2f0e4dd5285a2", "side": "SELL", "size": 0.01, "slug": "mlb-atl-cws-2026-06-11", "timestamp": "2026-06-28T08:30:07Z", "token_id": "50758375613609205206722321143299691492416072642609722392299342065304974315278", "transaction_hash": "0xa1c5ef08af1c185bb8e5500f7436e937932d42224acd418fd423373068500c12"}, {"condition_id": "0x67a229c77a9ac893f3895ed4dd1dfd1f89a6145da408bba530a544ec77ff6bfb", "id": "0xdc47f137b7b2343264a735f6f6a97b526e455b1f7dfc687b226e489cfc05969f_0x3cfd0e5767d7872f3371e5073a70ad584d6cef66ae615d5c43bdd58efa62e61b", "outcome": "Yes", "price": 0.026, "proxy_wallet": "0x05e17fb524aa6896de92dec88db2f0e4dd5285a2", "side": "SELL", "size": 51.11, "slug": "will-the-cleveland-guardians-win-the-2026-world-series", "timestamp": "2026-06-28T06:24:32Z", "token_id": "86836855507912353672331273895741550012643122260675758564432763672972116051156", "transaction_hash": "0xdc47f137b7b2343264a735f6f6a97b526e455b1f7dfc687b226e489cfc05969f"}, {"condition_id": "0x67a229c77a9ac893f3895ed4dd1dfd1f89a6145da408bba530a544ec77ff6bfb", "id": "0xaf7a2ce78abc5452cfe8522e9d2a893e363db8f49a2700631b77465b1e2371ff_0x3cfd0e5767d7872f3371e5073a70ad584d6cef66ae615d5c43bdd58efa62e61b", "outcome": "Yes", "price": 0.026000000000000002, "proxy_wallet": "0x05e17fb524aa6896de92dec88db2f0e4dd5285a2", "side": "SELL", "size": 47.3, "slug": "will-the-cleveland-guardians-win-the-2026-world-series", "timestamp": "2026-06-28T06:20:32Z", "token_id": "86836855507912353672331273895741550012643122260675758564432763672972116051156", "transaction_hash": "0xaf7a2ce78abc5452cfe8522e9d2a893e363db8f49a2700631b77465b1e2371ff"}, {"condition_id": "0x67a229c77a9ac893f3895ed4dd1dfd1f89a6145da408bba530a544ec77ff6bfb", "id": "0x3e0a91b52e0e5739e875d36de1ea2bfbf42367aafa3a9a033251770db9fa0823_0x3cfd0e5767d7872f3371e5073a70ad584d6cef66ae615d5c43bdd58efa62e61b", "outcome": "Yes", "price": 0.026, "proxy_wallet": "0x05e17fb524aa6896de92dec88db2f0e4dd5285a2", "side": "SELL", "size": 50.14, "slug": "will-the-cleveland-guardians-win-the-2026-world-series", "timestamp": "2026-06-28T06:18:23Z", "token_id": "86836855507912353672331273895741550012643122260675758564432763672972116051156", "transaction_hash": "0x3e0a91b52e0e5739e875d36de1ea2bfbf42367aafa3a9a033251770db9fa0823"}, {"condition_id": "0x67a229c77a9ac893f3895ed4dd1dfd1f89a6145da408bba530a544ec77ff6bfb", "id": "0x4ffdb802da13b8e52eaee86fd1609e4d530ab2195b33fd5e0c1ae55f7d62d5f7_0x3cfd0e5767d7872f3371e5073a70ad584d6cef66ae615d5c43bdd58efa62e61b", "outcome": "Yes", "price": 0.026000000000000002, "proxy_wallet": "0x05e17fb524aa6896de92dec88db2f0e4dd5285a2", "side": "SELL", "size": 7.01, "slug": "will-the-cleveland-guardians-win-the-2026-world-series", "timestamp": "2026-06-28T06:10:59Z", "token_id": "86836855507912353672331273895741550012643122260675758564432763672972116051156", "transaction_hash": "0x4ffdb802da13b8e52eaee86fd1609e4d530ab2195b33fd5e0c1ae55f7d62d5f7"}, {"condition_id": "0x3df7be753c8b6ebbddf31d6d63535c4b31c836cb25b1a73085508a271bc103db", "id": "0x1bd8bcd2c4277f074cc77d43072f1ebbb02a3e2a68cf0bff1f3973380853a7c8_0xe15d89a5f22bc6dd7b0ed70b88ae48322aa58baad5e3af2835e7f9f0e2478b1e", "outcome": "Yes", "price": 0.13, "proxy_wallet": "0x05e17fb524aa6896de92dec88db2f0e4dd5285a2", "side": "SELL", "size": 2307.69, "slug": "will-the-new-york-yankees-win-the-2026-world-series", "timestamp": "2026-06-28T04:55:07Z", "token_id": "52854035362787091895017612076763457120573181014952605669517525908999466984865", "transaction_hash": "0x1bd8bcd2c4277f074cc77d43072f1ebbb02a3e2a68cf0bff1f3973380853a7c8"}], "polled_at": "2026-07-02T01:49:57.491357+00:00"}