{"wallet": "0x04b954ec5d65e0a855d31b5e695083f3c4ad79e0", "total_trades_90d": 200, "mlb_trades_count": 29, "mlb_condition_ids": ["0x189f32fc838f82489b6878d3027435478dadf892fd284ff6a446063ba28cc8f6", "0x09b9f51bd1767cd5429c18092e8e1d03370831e777eaa8219e6a90febe66172a", "0x6004d2c3eed914c555d1e37a79e8cce28445bc0564af72bc0be4d18b3ad07923", "0x8d8e0630bd63491f2a77d1e0fb0f2750ec4ff118151bade96b00700813d7c467"], "mlb_trade_details": [{"condition_id": "0x189f32fc838f82489b6878d3027435478dadf892fd284ff6a446063ba28cc8f6", "id": "0x9c091ac3df2936d8151a259e1218991479a6d74658965796edc8c955bdddd1fc_0x30d2cfaa53154212a271282e2a75182dd3deb47278385c25e88e9868cb925e7b", "outcome": "New York Mets", "price": 0.45999999999999996, "proxy_wallet": "0x04b954ec5d65e0a855d31b5e695083f3c4ad79e0", "side": "BUY", "size": 5, "slug": "mlb-nym-cin-2026-06-15", "timestamp": "2026-06-15T20:20:19Z", "token_id": "32149075508013559759530301374325154840376606241902462330314232457265357774481", "transaction_hash": "0x9c091ac3df2936d8151a259e1218991479a6d74658965796edc8c955bdddd1fc"}, {"condition_id": "0x6004d2c3eed914c555d1e37a79e8cce28445bc0564af72bc0be4d18b3ad07923", "id": "0x99cc6e60afc47a0e2349edc4ec582e2eafe36edc676c15f9d6e5d4c5a246818c_0x28dc3305fe2781969b257d02545b8da671877e24cb4ffac9854be01c889442b5", "outcome": "Boston Red Sox", "price": 0.44, "proxy_wallet": "0x04b954ec5d65e0a855d31b5e695083f3c4ad79e0", "side": "SELL", "size": 833.65, "slug": "mlb-tb-bos-2026-05-09", "timestamp": "2026-06-15T10:22:31Z", "token_id": "76254409251359300101773180995111440089660082750584945296626585840776125503405", "transaction_hash": "0x99cc6e60afc47a0e2349edc4ec582e2eafe36edc676c15f9d6e5d4c5a246818c"}, {"condition_id": "0x8d8e0630bd63491f2a77d1e0fb0f2750ec4ff118151bade96b00700813d7c467", "id": "0xe0aeb63a92b6a7db0b48ddda3b6e167aa2d1c8aef60ccc678f39c69702c57b27_0xce39dc166121aec46dbb9e406497c7eff6b5c1b083a637924d8bfa62ae9f026f", "outcome": "St. Louis Cardinals", "price": 0.4, "proxy_wallet": "0x04b954ec5d65e0a855d31b5e695083f3c4ad79e0", "side": "SELL", "size": 5, "slug": "mlb-stl-cin-2026-05-24", "timestamp": "2026-06-13T18:43:21Z", "token_id": "87933123144726310890811402999205755158846490812620156880478257515914162286783", "transaction_hash": "0xe0aeb63a92b6a7db0b48ddda3b6e167aa2d1c8aef60ccc678f39c69702c57b27"}, {"condition_id": "0x8d8e0630bd63491f2a77d1e0fb0f2750ec4ff118151bade96b00700813d7c467", "id": "0x71c938e21c0ed0f9aa1c31adbef0319467720902cd8d008573550558da827bb7_0xce39dc166121aec46dbb9e406497c7eff6b5c1b083a637924d8bfa62ae9f026f", "outcome": "St. Louis Cardinals", "price": 0.4, "proxy_wallet": "0x04b954ec5d65e0a855d31b5e695083f3c4ad79e0", "side": "SELL", "size": 7.5, "slug": "mlb-stl-cin-2026-05-24", "timestamp": "2026-06-13T15:23:21Z", "token_id": "87933123144726310890811402999205755158846490812620156880478257515914162286783", "transaction_hash": "0x71c938e21c0ed0f9aa1c31adbef0319467720902cd8d008573550558da827bb7"}, {"condition_id": "0x09b9f51bd1767cd5429c18092e8e1d03370831e777eaa8219e6a90febe66172a", "id": "0x8990385d01649f216aae30043c9c3489398f40ca1ce4ca334f519eb5a113ca96_0xca168ea77a579fb517b51109f79a7e2360e593da0ba69485c03a330bc1985539", "outcome": "Cincinnati Reds", "price": 0.7300000000000001, "proxy_wallet": "0x04b954ec5d65e0a855d31b5e695083f3c4ad79e0", "side": "SELL", "size": 1196.62, "slug": "mlb-stl-cin-2026-05-24-spread-away-1pt5", "timestamp": "2026-06-13T14:22:06Z", "token_id": "82743402429481822600060436861279066541815520939632756404712845046853742685420", "transaction_hash": "0x8990385d01649f216aae30043c9c3489398f40ca1ce4ca334f519eb5a113ca96"}, {"condition_id": "0x09b9f51bd1767cd5429c18092e8e1d03370831e777eaa8219e6a90febe66172a", "id": "0x34f600515d1f407987e61392428d7d2532d593b477af82cd38bd0ff87e6d1d15_0xca168ea77a579fb517b51109f79a7e2360e593da0ba69485c03a330bc1985539", "outcome": "Cincinnati Reds", "price": 0.73, "proxy_wallet": "0x04b954ec5d65e0a855d31b5e695083f3c4ad79e0", "side": "SELL", "size": 150, "slug": "mlb-stl-cin-2026-05-24-spread-away-1pt5", "timestamp": "2026-06-13T10:23:12Z", "token_id": "82743402429481822600060436861279066541815520939632756404712845046853742685420", "transaction_hash": "0x34f600515d1f407987e61392428d7d2532d593b477af82cd38bd0ff87e6d1d15"}, {"condition_id": "0x09b9f51bd1767cd5429c18092e8e1d03370831e777eaa8219e6a90febe66172a", "id": "0xc589fb8262ce3a4298273874fc4b23d952c961ddbd5a5cfb74dfc8d75bc0ff55_0xca168ea77a579fb517b51109f79a7e2360e593da0ba69485c03a330bc1985539", "outcome": "Cincinnati Reds", "price": 0.73, "proxy_wallet": "0x04b954ec5d65e0a855d31b5e695083f3c4ad79e0", "side": "SELL", "size": 653.38, "slug": "mlb-stl-cin-2026-05-24-spread-away-1pt5", "timestamp": "2026-06-13T09:24:12Z", "token_id": "82743402429481822600060436861279066541815520939632756404712845046853742685420", "transaction_hash": "0xc589fb8262ce3a4298273874fc4b23d952c961ddbd5a5cfb74dfc8d75bc0ff55"}, {"condition_id": "0x8d8e0630bd63491f2a77d1e0fb0f2750ec4ff118151bade96b00700813d7c467", "id": "0xed58b20c651ce8f025cab5d80b718b31e530e6d002d018f38e27d2a3ebb38bf6_0xce39dc166121aec46dbb9e406497c7eff6b5c1b083a637924d8bfa62ae9f026f", "outcome": "St. Louis Cardinals", "price": 0.4, "proxy_wallet": "0x04b954ec5d65e0a855d31b5e695083f3c4ad79e0", "side": "SELL", "size": 7.5, "slug": "mlb-stl-cin-2026-05-24", "timestamp": "2026-06-12T23:00:24Z", "token_id": "87933123144726310890811402999205755158846490812620156880478257515914162286783", "transaction_hash": "0xed58b20c651ce8f025cab5d80b718b31e530e6d002d018f38e27d2a3ebb38bf6"}, {"condition_id": "0x8d8e0630bd63491f2a77d1e0fb0f2750ec4ff118151bade96b00700813d7c467", "id": "0xf66474f2aa9f9bbbf8d11505bf17773d56a086f1f817b6547d167a0f49cb6762_0x6c4e4b0b9bdf385486e1a6a048835bb3d0cd30e359efc1eeff338f4d44bdaa69", "outcome": "St. Louis Cardinals", "price": 0.43, "proxy_wallet": "0x04b954ec5d65e0a855d31b5e695083f3c4ad79e0", "side": "SELL", "size": 21, "slug": "mlb-stl-cin-2026-05-24", "timestamp": "2026-06-06T20:17:13Z", "token_id": "87933123144726310890811402999205755158846490812620156880478257515914162286783", "transaction_hash": "0xf66474f2aa9f9bbbf8d11505bf17773d56a086f1f817b6547d167a0f49cb6762"}, {"condition_id": "0x8d8e0630bd63491f2a77d1e0fb0f2750ec4ff118151bade96b00700813d7c467", "id": "0x3d356093a4b4776a18d6095229ef2444f8b41468ff1ed2cce4bb9b4c606f4885_0x6c4e4b0b9bdf385486e1a6a048835bb3d0cd30e359efc1eeff338f4d44bdaa69", "outcome": "St. Louis Cardinals", "price": 0.4299999843636338, "proxy_wallet": "0x04b954ec5d65e0a855d31b5e695083f3c4ad79e0", "side": "SELL", "size": 11.511626, "slug": "mlb-stl-cin-2026-05-24", "timestamp": "2026-06-06T18:49:06Z", "token_id": "87933123144726310890811402999205755158846490812620156880478257515914162286783", "transaction_hash": "0x3d356093a4b4776a18d6095229ef2444f8b41468ff1ed2cce4bb9b4c606f4885"}, {"condition_id": "0x8d8e0630bd63491f2a77d1e0fb0f2750ec4ff118151bade96b00700813d7c467", "id": "0xf58456b8a5ca43312cec356c110d886c9bc208a1d4d001398995bcf1308b5df0_0x6c4e4b0b9bdf385486e1a6a048835bb3d0cd30e359efc1eeff338f4d44bdaa69", "outcome": "St. Louis Cardinals", "price": 0.4299999892275566, "proxy_wallet": "0x04b954ec5d65e0a855d31b5e695083f3c4ad79e0", "side": "SELL", "size": 22.279068, "slug": "mlb-stl-cin-2026-05-24", "timestamp": "2026-06-06T18:48:45Z", "token_id": "87933123144726310890811402999205755158846490812620156880478257515914162286783", "transaction_hash": "0xf58456b8a5ca43312cec356c110d886c9bc208a1d4d001398995bcf1308b5df0"}, {"condition_id": "0x8d8e0630bd63491f2a77d1e0fb0f2750ec4ff118151bade96b00700813d7c467", "id": "0x51028d30c2d1af7a4fae134cc0b4cc8cc68c1bde3effa971bb722d3e15f20e6a_0x6c4e4b0b9bdf385486e1a6a048835bb3d0cd30e359efc1eeff338f4d44bdaa69", "outcome": "St. Louis Cardinals", "price": 0.4299999751555533, "proxy_wallet": "0x04b954ec5d65e0a855d31b5e695083f3c4ad79e0", "side": "SELL", "size": 15.697673, "slug": "mlb-stl-cin-2026-05-24", "timestamp": "2026-06-06T18:42:01Z", "token_id": "87933123144726310890811402999205755158846490812620156880478257515914162286783", "transaction_hash": "0x51028d30c2d1af7a4fae134cc0b4cc8cc68c1bde3effa971bb722d3e15f20e6a"}, {"condition_id": "0x8d8e0630bd63491f2a77d1e0fb0f2750ec4ff118151bade96b00700813d7c467", "id": "0x658f4aec6339c6ee08856e4db3a2be6a526b520eb0af80c720214ddf9967dae0_0x6c4e4b0b9bdf385486e1a6a048835bb3d0cd30e359efc1eeff338f4d44bdaa69", "outcome": "St. Louis Cardinals", "price": 0.42999996872727025, "proxy_wallet": "0x04b954ec5d65e0a855d31b5e695083f3c4ad79e0", "side": "SELL", "size": 15.348836, "slug": "mlb-stl-cin-2026-05-24", "timestamp": "2026-06-06T18:37:09Z", "token_id": "87933123144726310890811402999205755158846490812620156880478257515914162286783", "transaction_hash": "0x658f4aec6339c6ee08856e4db3a2be6a526b520eb0af80c720214ddf9967dae0"}, {"condition_id": "0x8d8e0630bd63491f2a77d1e0fb0f2750ec4ff118151bade96b00700813d7c467", "id": "0xabce2f8f93fa337c0d99527a68aa8c06cd4136268c1c8e9619daa6b6e590dbd1_0x6c4e4b0b9bdf385486e1a6a048835bb3d0cd30e359efc1eeff338f4d44bdaa69", "outcome": "St. Louis Cardinals", "price": 0.42999996872727025, "proxy_wallet": "0x04b954ec5d65e0a855d31b5e695083f3c4ad79e0", "side": "SELL", "size": 15.348836, "slug": "mlb-stl-cin-2026-05-24", "timestamp": "2026-06-06T18:35:54Z", "token_id": "87933123144726310890811402999205755158846490812620156880478257515914162286783", "transaction_hash": "0xabce2f8f93fa337c0d99527a68aa8c06cd4136268c1c8e9619daa6b6e590dbd1"}, {"condition_id": "0x8d8e0630bd63491f2a77d1e0fb0f2750ec4ff118151bade96b00700813d7c467", "id": "0x6ac7f1e6577c4f804f7d8093dd817f2bbf8866237c96ee645c6a40ce6433116b_0x6c4e4b0b9bdf385486e1a6a048835bb3d0cd30e359efc1eeff338f4d44bdaa69", "outcome": "St. Louis Cardinals", "price": 0.4299999751555533, "proxy_wallet": "0x04b954ec5d65e0a855d31b5e695083f3c4ad79e0", "side": "SELL", "size": 15.697673, "slug": "mlb-stl-cin-2026-05-24", "timestamp": "2026-06-06T18:22:55Z", "token_id": "87933123144726310890811402999205755158846490812620156880478257515914162286783", "transaction_hash": "0x6ac7f1e6577c4f804f7d8093dd817f2bbf8866237c96ee645c6a40ce6433116b"}, {"condition_id": "0x8d8e0630bd63491f2a77d1e0fb0f2750ec4ff118151bade96b00700813d7c467", "id": "0x57831e25be690d55bbc011a55bd36e1047d74a051e62840ddf4c4b6a34bc9ab5_0x6c4e4b0b9bdf385486e1a6a048835bb3d0cd30e359efc1eeff338f4d44bdaa69", "outcome": "St. Louis Cardinals", "price": 0.4299999813043459, "proxy_wallet": "0x04b954ec5d65e0a855d31b5e695083f3c4ad79e0", "side": "SELL", "size": 16.04651, "slug": "mlb-stl-cin-2026-05-24", "timestamp": "2026-06-06T18:20:09Z", "token_id": "87933123144726310890811402999205755158846490812620156880478257515914162286783", "transaction_hash": "0x57831e25be690d55bbc011a55bd36e1047d74a051e62840ddf4c4b6a34bc9ab5"}, {"condition_id": "0x8d8e0630bd63491f2a77d1e0fb0f2750ec4ff118151bade96b00700813d7c467", "id": "0x1e0e24393e319f10ecb7f389e48bbde4e45e280e7b9d245233beb470da07d88f_0x6c4e4b0b9bdf385486e1a6a048835bb3d0cd30e359efc1eeff338f4d44bdaa69", "outcome": "St. Louis Cardinals", "price": 0.42999997878666485, "proxy_wallet": "0x04b954ec5d65e0a855d31b5e695083f3c4ad79e0", "side": "SELL", "size": 17.441859, "slug": "mlb-stl-cin-2026-05-24", "timestamp": "2026-06-06T18:18:34Z", "token_id": "87933123144726310890811402999205755158846490812620156880478257515914162286783", "transaction_hash": "0x1e0e24393e319f10ecb7f389e48bbde4e45e280e7b9d245233beb470da07d88f"}, {"condition_id": "0x8d8e0630bd63491f2a77d1e0fb0f2750ec4ff118151bade96b00700813d7c467", "id": "0xcf53ca514ca6688b602bda47a125b507f0f271b6480ce3ce0b681bdd6b2b63d4_0x6c4e4b0b9bdf385486e1a6a048835bb3d0cd30e359efc1eeff338f4d44bdaa69", "outcome": "St. Louis Cardinals", "price": 0.4299999718915139, "proxy_wallet": "0x04b954ec5d65e0a855d31b5e695083f3c4ad79e0", "side": "SELL", "size": 16.720929, "slug": "mlb-stl-cin-2026-05-24", "timestamp": "2026-06-06T18:18:10Z", "token_id": "87933123144726310890811402999205755158846490812620156880478257515914162286783", "transaction_hash": "0xcf53ca514ca6688b602bda47a125b507f0f271b6480ce3ce0b681bdd6b2b63d4"}, {"condition_id": "0x8d8e0630bd63491f2a77d1e0fb0f2750ec4ff118151bade96b00700813d7c467", "id": "0x3d38e2c7b68997023a9140712e76bcc9b467918e3a7891892917e73edefefd20_0x6c4e4b0b9bdf385486e1a6a048835bb3d0cd30e359efc1eeff338f4d44bdaa69", "outcome": "St. Louis Cardinals", "price": 0.4299999895256399, "proxy_wallet": "0x04b954ec5d65e0a855d31b5e695083f3c4ad79e0", "side": "SELL", "size": 18.139533, "slug": "mlb-stl-cin-2026-05-24", "timestamp": "2026-06-06T18:17:03Z", "token_id": "87933123144726310890811402999205755158846490812620156880478257515914162286783", "transaction_hash": "0x3d38e2c7b68997023a9140712e76bcc9b467918e3a7891892917e73edefefd20"}, {"condition_id": "0x8d8e0630bd63491f2a77d1e0fb0f2750ec4ff118151bade96b00700813d7c467", "id": "0x97b4a79f0084cf66aecf0509cc0925db4e9dcec2ac0b063d31df98a5c667ede9_0x6c4e4b0b9bdf385486e1a6a048835bb3d0cd30e359efc1eeff338f4d44bdaa69", "outcome": "St. Louis Cardinals", "price": 0.43000000000000005, "proxy_wallet": "0x04b954ec5d65e0a855d31b5e695083f3c4ad79e0", "side": "SELL", "size": 23.25, "slug": "mlb-stl-cin-2026-05-24", "timestamp": "2026-06-06T18:16:00Z", "token_id": "87933123144726310890811402999205755158846490812620156880478257515914162286783", "transaction_hash": "0x97b4a79f0084cf66aecf0509cc0925db4e9dcec2ac0b063d31df98a5c667ede9"}, {"condition_id": "0x8d8e0630bd63491f2a77d1e0fb0f2750ec4ff118151bade96b00700813d7c467", "id": "0x147f19f4c91dbd972c98addb1d4d9ec2c22552f34816c1761eb0ffb62c77c92a_0x6c4e4b0b9bdf385486e1a6a048835bb3d0cd30e359efc1eeff338f4d44bdaa69", "outcome": "St. Louis Cardinals", "price": 0.43, "proxy_wallet": "0x04b954ec5d65e0a855d31b5e695083f3c4ad79e0", "side": "SELL", "size": 7.54, "slug": "mlb-stl-cin-2026-05-24", "timestamp": "2026-06-06T17:12:30Z", "token_id": "87933123144726310890811402999205755158846490812620156880478257515914162286783", "transaction_hash": "0x147f19f4c91dbd972c98addb1d4d9ec2c22552f34816c1761eb0ffb62c77c92a"}, {"condition_id": "0x8d8e0630bd63491f2a77d1e0fb0f2750ec4ff118151bade96b00700813d7c467", "id": "0x2ef436d27d578fe103a38faf3c1958b6155c922077f8c68e85391f9801a31f84_0x6c4e4b0b9bdf385486e1a6a048835bb3d0cd30e359efc1eeff338f4d44bdaa69", "outcome": "St. Louis Cardinals", "price": 0.43, "proxy_wallet": "0x04b954ec5d65e0a855d31b5e695083f3c4ad79e0", "side": "SELL", "size": 51.16, "slug": "mlb-stl-cin-2026-05-24", "timestamp": "2026-06-06T15:10:00Z", "token_id": "87933123144726310890811402999205755158846490812620156880478257515914162286783", "transaction_hash": "0x2ef436d27d578fe103a38faf3c1958b6155c922077f8c68e85391f9801a31f84"}, {"condition_id": "0x8d8e0630bd63491f2a77d1e0fb0f2750ec4ff118151bade96b00700813d7c467", "id": "0x53c98c7cc66fb617bada237f288a96df8e1c9d6e89e3a631a0cae25d65447add_0x6c4e4b0b9bdf385486e1a6a048835bb3d0cd30e359efc1eeff338f4d44bdaa69", "outcome": "St. Louis Cardinals", "price": 0.43, "proxy_wallet": "0x04b954ec5d65e0a855d31b5e695083f3c4ad79e0", "side": "SELL", "size": 51.16, "slug": "mlb-stl-cin-2026-05-24", "timestamp": "2026-06-06T15:09:00Z", "token_id": "87933123144726310890811402999205755158846490812620156880478257515914162286783", "transaction_hash": "0x53c98c7cc66fb617bada237f288a96df8e1c9d6e89e3a631a0cae25d65447add"}, {"condition_id": "0x8d8e0630bd63491f2a77d1e0fb0f2750ec4ff118151bade96b00700813d7c467", "id": "0x223be17f71cb14ac3e3a8ab49aaaa9025aaa82d20359bf8a9b8fd70d7a7601ca_0x6c4e4b0b9bdf385486e1a6a048835bb3d0cd30e359efc1eeff338f4d44bdaa69", "outcome": "St. Louis Cardinals", "price": 0.43, "proxy_wallet": "0x04b954ec5d65e0a855d31b5e695083f3c4ad79e0", "side": "SELL", "size": 51.16, "slug": "mlb-stl-cin-2026-05-24", "timestamp": "2026-06-06T15:08:28Z", "token_id": "87933123144726310890811402999205755158846490812620156880478257515914162286783", "transaction_hash": "0x223be17f71cb14ac3e3a8ab49aaaa9025aaa82d20359bf8a9b8fd70d7a7601ca"}, {"condition_id": "0x8d8e0630bd63491f2a77d1e0fb0f2750ec4ff118151bade96b00700813d7c467", "id": "0x74986faae077f4848525715a167b6b2f5a2af4da7481f6ea98ece3e090372cc0_0x6c4e4b0b9bdf385486e1a6a048835bb3d0cd30e359efc1eeff338f4d44bdaa69", "outcome": "St. Louis Cardinals", "price": 0.43, "proxy_wallet": "0x04b954ec5d65e0a855d31b5e695083f3c4ad79e0", "side": "SELL", "size": 51.16, "slug": "mlb-stl-cin-2026-05-24", "timestamp": "2026-06-06T15:07:27Z", "token_id": "87933123144726310890811402999205755158846490812620156880478257515914162286783", "transaction_hash": "0x74986faae077f4848525715a167b6b2f5a2af4da7481f6ea98ece3e090372cc0"}, {"condition_id": "0x8d8e0630bd63491f2a77d1e0fb0f2750ec4ff118151bade96b00700813d7c467", "id": "0xbc3d0dbcdbdba047a81ad963ad6ef9e9d71e8499b764f42d3977d99ad6d699b4_0x6c4e4b0b9bdf385486e1a6a048835bb3d0cd30e359efc1eeff338f4d44bdaa69", "outcome": "St. Louis Cardinals", "price": 0.43, "proxy_wallet": "0x04b954ec5d65e0a855d31b5e695083f3c4ad79e0", "side": "SELL", "size": 5, "slug": "mlb-stl-cin-2026-05-24", "timestamp": "2026-06-06T12:29:45Z", "token_id": "87933123144726310890811402999205755158846490812620156880478257515914162286783", "transaction_hash": "0xbc3d0dbcdbdba047a81ad963ad6ef9e9d71e8499b764f42d3977d99ad6d699b4"}, {"condition_id": "0x8d8e0630bd63491f2a77d1e0fb0f2750ec4ff118151bade96b00700813d7c467", "id": "0x97314dcf6d23df80a2080ccaa0ff055c463ff9678efdd04faac1a2c6dcebf9f3_0x6c4e4b0b9bdf385486e1a6a048835bb3d0cd30e359efc1eeff338f4d44bdaa69", "outcome": "St. Louis Cardinals", "price": 0.43, "proxy_wallet": "0x04b954ec5d65e0a855d31b5e695083f3c4ad79e0", "side": "SELL", "size": 5.82, "slug": "mlb-stl-cin-2026-05-24", "timestamp": "2026-06-06T06:29:13Z", "token_id": "87933123144726310890811402999205755158846490812620156880478257515914162286783", "transaction_hash": "0x97314dcf6d23df80a2080ccaa0ff055c463ff9678efdd04faac1a2c6dcebf9f3"}, {"condition_id": "0x8d8e0630bd63491f2a77d1e0fb0f2750ec4ff118151bade96b00700813d7c467", "id": "0xe3f1565a2bcea2c6e0c3c0fe66cdfb3db09e294e26124239797c07393783d8e6_0x6c4e4b0b9bdf385486e1a6a048835bb3d0cd30e359efc1eeff338f4d44bdaa69", "outcome": "St. Louis Cardinals", "price": 0.43, "proxy_wallet": "0x04b954ec5d65e0a855d31b5e695083f3c4ad79e0", "side": "SELL", "size": 232.55, "slug": "mlb-stl-cin-2026-05-24", "timestamp": "2026-06-06T04:47:10Z", "token_id": "87933123144726310890811402999205755158846490812620156880478257515914162286783", "transaction_hash": "0xe3f1565a2bcea2c6e0c3c0fe66cdfb3db09e294e26124239797c07393783d8e6"}, {"condition_id": "0x8d8e0630bd63491f2a77d1e0fb0f2750ec4ff118151bade96b00700813d7c467", "id": "0x809e9ba68ee1236c1875baa544f1bc9bc544bd5127cecf6ea8d4d1455525c32c_0x6c4e4b0b9bdf385486e1a6a048835bb3d0cd30e359efc1eeff338f4d44bdaa69", "outcome": "St. Louis Cardinals", "price": 0.43, "proxy_wallet": "0x04b954ec5d65e0a855d31b5e695083f3c4ad79e0", "side": "SELL", "size": 43.23, "slug": "mlb-stl-cin-2026-05-24", "timestamp": "2026-06-06T04:23:34Z", "token_id": "87933123144726310890811402999205755158846490812620156880478257515914162286783", "transaction_hash": "0x809e9ba68ee1236c1875baa544f1bc9bc544bd5127cecf6ea8d4d1455525c32c"}]}