{"wallet": "0x5268527977f700f9bf9b6d5cd843859e4e70135d", "total_trades_90d": 200, "mlb_trades_count": 50, "mlb_condition_ids": ["0x24ad679f4c302633137f753ac35c4001422762d1b4d2f3145fec78e58c60d768", "0x4d6da45502cba72162462a4bf8d404f0a25be59e73c8622cb3c9f4e32602f369", "0x503cc08c1fcff5bcca91d07c143e87b3bddd68566445851e93db965e6a1a122d", "0x608b00ee32af0e4fc3a9d0bd978972951566be8e196cf66b348ea02b724b3351", "0x7064b4bf253860b051624b34e4b58db0a05e63b08248c7f337407ea1ddcf58ae", "0x71e6567ee6be17a25d2da8a71d231b7b4da6fec9685826c04d9818c501045cc8", "0x8234eeaebab269fbfd2b72a915503ae05fc05956fc63d718dff7e5fbb4052972", "0x8a63ea42207833e1268a206ec522fc21fea1851398081b2aa33785efdb3aa8e2", "0x9f1fc9fa4e0af34538485d07cd1ca93fd0d7a45989346ed94be84dada491d2a6", "0xb06cef8614c330248ed45ee7ee90e56674a44bce0af00a775190d6b5ac2a3321", "0xc53aeba4b42c33c25397e6df74ba82852a20deba676d9cf38ac1c71535e972b1", "0xca90d3ca1ca8ddb57c70aa33ee5560aa2253cd03d32bcb929a0d66f14d599b73", "0xcc3f41af4b7ef6c7b399c1666801913d6b129594b261c84c1d1a838f4f76242a", "0xd737f5e4f27ef59cb59d887a12d02c61b32885f158abdbd3f494c0287e69685a"], "mlb_trade_details": [{"condition_id": "0x8a63ea42207833e1268a206ec522fc21fea1851398081b2aa33785efdb3aa8e2", "id": "0x9417567395e662bec17f6d7440fe44ceb782cd51e9777459dd92f46fa8635cc9_0x14856c94b6133acef56d84a04714d0334106657f4e415399ee5dcba7d7343bc6", "outcome": "Philadelphia Phillies", "price": 0.72, "proxy_wallet": "0x5268527977f700f9bf9b6d5cd843859e4e70135d", "side": "BUY", "size": 5, "slug": "mlb-pit-phi-2026-07-01-spread-home-3pt5", "timestamp": "2026-07-02T01:50:14Z", "token_id": "64112743493734570307091651537321036650337766705896391804836588921503326017378", "transaction_hash": "0x9417567395e662bec17f6d7440fe44ceb782cd51e9777459dd92f46fa8635cc9"}, {"condition_id": "0x24ad679f4c302633137f753ac35c4001422762d1b4d2f3145fec78e58c60d768", "id": "0x8a0fc58bfde675e17c0d79c582565e20177234d32357d066115e696e1b03e7a9_0x72122fde7b3f5b1f7cf0de46dc904176790fc5d7c6bcc4bd5dd28f207b010485", "outcome": "Under", "price": 0.5600000243632351, "proxy_wallet": "0x5268527977f700f9bf9b6d5cd843859e4e70135d", "side": "BUY", "size": 19.701817, "slug": "mlb-sf-ari-2026-07-01-total-9pt5", "timestamp": "2026-07-02T01:49:20Z", "token_id": "16508269532471175016796216228680098488495840444196639308636256669111445593785", "transaction_hash": "0x8a0fc58bfde675e17c0d79c582565e20177234d32357d066115e696e1b03e7a9"}, {"condition_id": "0x7064b4bf253860b051624b34e4b58db0a05e63b08248c7f337407ea1ddcf58ae", "id": "0x13c0a10b36523f84904e067855af509885e5003abc7f0bd536adb132768406e1_0xc5b0189cb02f879dac6d7bd2dce77c5c57f317a377cb2f144b6cd8abae6119c4", "outcome": "Over", "price": 0.6, "proxy_wallet": "0x5268527977f700f9bf9b6d5cd843859e4e70135d", "side": "BUY", "size": 3.129, "slug": "mlb-cin-mil-2026-07-01-total-8pt5", "timestamp": "2026-07-02T01:48:44Z", "token_id": "64660158601874874021371603805733130336920359332833679116849517591518391938501", "transaction_hash": "0x13c0a10b36523f84904e067855af509885e5003abc7f0bd536adb132768406e1"}, {"condition_id": "0x71e6567ee6be17a25d2da8a71d231b7b4da6fec9685826c04d9818c501045cc8", "id": "0x752cefa56b26d4885315f5f06f7f4d7b5500dd808a9cfabfbe55f92f8e321966_0x5cbcf46b9fcb2248aed00dae22b7531f67fe351f6ea996cb58d0f6be0c46b536", "outcome": "Over", "price": 0.3900000623118551, "proxy_wallet": "0x5268527977f700f9bf9b6d5cd843859e4e70135d", "side": "BUY", "size": 3.049179, "slug": "mlb-mia-col-2026-07-01-total-10pt5", "timestamp": "2026-07-02T01:48:31Z", "token_id": "81704371654013962415466439645036489076399358185691009735986358341555137658833", "transaction_hash": "0x752cefa56b26d4885315f5f06f7f4d7b5500dd808a9cfabfbe55f92f8e321966"}, {"condition_id": "0x7064b4bf253860b051624b34e4b58db0a05e63b08248c7f337407ea1ddcf58ae", "id": "0x92866533bc701011d9ada742a7d265627a93815a113be2f68d15b1bcd96e6192_0x95c308ea773fcc1cf075a3925ee8441072e38030c31518f0ff774b49142aaa86", "outcome": "Under", "price": 0.36, "proxy_wallet": "0x5268527977f700f9bf9b6d5cd843859e4e70135d", "side": "BUY", "size": 5.12, "slug": "mlb-cin-mil-2026-07-01-total-8pt5", "timestamp": "2026-07-02T01:48:23Z", "token_id": "14034056293003290822412670691955354195438862464347353479978248378415628909497", "transaction_hash": "0x92866533bc701011d9ada742a7d265627a93815a113be2f68d15b1bcd96e6192"}, {"condition_id": "0x7064b4bf253860b051624b34e4b58db0a05e63b08248c7f337407ea1ddcf58ae", "id": "0xa4ee96423778c2a3eea8935f27ae1a43d7b0b5602a2056fb9fcf2c09450b7800_0xc5b0189cb02f879dac6d7bd2dce77c5c57f317a377cb2f144b6cd8abae6119c4", "outcome": "Over", "price": 0.6, "proxy_wallet": "0x5268527977f700f9bf9b6d5cd843859e4e70135d", "side": "BUY", "size": 5, "slug": "mlb-cin-mil-2026-07-01-total-8pt5", "timestamp": "2026-07-02T01:48:22Z", "token_id": "64660158601874874021371603805733130336920359332833679116849517591518391938501", "transaction_hash": "0xa4ee96423778c2a3eea8935f27ae1a43d7b0b5602a2056fb9fcf2c09450b7800"}, {"condition_id": "0x7064b4bf253860b051624b34e4b58db0a05e63b08248c7f337407ea1ddcf58ae", "id": "0x1505b07681a5006a2f8ea71e9ac556863e6321013c69ad486fa48732d3e2ce6f_0xc5b0189cb02f879dac6d7bd2dce77c5c57f317a377cb2f144b6cd8abae6119c4", "outcome": "Over", "price": 0.6, "proxy_wallet": "0x5268527977f700f9bf9b6d5cd843859e4e70135d", "side": "BUY", "size": 5.25, "slug": "mlb-cin-mil-2026-07-01-total-8pt5", "timestamp": "2026-07-02T01:48:22Z", "token_id": "64660158601874874021371603805733130336920359332833679116849517591518391938501", "transaction_hash": "0x1505b07681a5006a2f8ea71e9ac556863e6321013c69ad486fa48732d3e2ce6f"}, {"condition_id": "0x7064b4bf253860b051624b34e4b58db0a05e63b08248c7f337407ea1ddcf58ae", "id": "0x179cda858393846a4b5bf98c430b42accf42048da76db47806645993ea109b28_0xc5b0189cb02f879dac6d7bd2dce77c5c57f317a377cb2f144b6cd8abae6119c4", "outcome": "Over", "price": 0.6, "proxy_wallet": "0x5268527977f700f9bf9b6d5cd843859e4e70135d", "side": "BUY", "size": 53.925, "slug": "mlb-cin-mil-2026-07-01-total-8pt5", "timestamp": "2026-07-02T01:48:22Z", "token_id": "64660158601874874021371603805733130336920359332833679116849517591518391938501", "transaction_hash": "0x179cda858393846a4b5bf98c430b42accf42048da76db47806645993ea109b28"}, {"condition_id": "0x7064b4bf253860b051624b34e4b58db0a05e63b08248c7f337407ea1ddcf58ae", "id": "0x03f41e996b36062784cf37941ce90a85f852e09e18beb85574d277ff06a63083_0xc5b0189cb02f879dac6d7bd2dce77c5c57f317a377cb2f144b6cd8abae6119c4", "outcome": "Over", "price": 0.6, "proxy_wallet": "0x5268527977f700f9bf9b6d5cd843859e4e70135d", "side": "BUY", "size": 670, "slug": "mlb-cin-mil-2026-07-01-total-8pt5", "timestamp": "2026-07-02T01:48:22Z", "token_id": "64660158601874874021371603805733130336920359332833679116849517591518391938501", "transaction_hash": "0x03f41e996b36062784cf37941ce90a85f852e09e18beb85574d277ff06a63083"}, {"condition_id": "0x7064b4bf253860b051624b34e4b58db0a05e63b08248c7f337407ea1ddcf58ae", "id": "0xe1e0b3a1fc94551356102ab69ff2f7f0dd657cac34c4ade0b99371d8b1b620d1_0xc5b0189cb02f879dac6d7bd2dce77c5c57f317a377cb2f144b6cd8abae6119c4", "outcome": "Over", "price": 0.6, "proxy_wallet": "0x5268527977f700f9bf9b6d5cd843859e4e70135d", "side": "BUY", "size": 348, "slug": "mlb-cin-mil-2026-07-01-total-8pt5", "timestamp": "2026-07-02T01:48:22Z", "token_id": "64660158601874874021371603805733130336920359332833679116849517591518391938501", "transaction_hash": "0xe1e0b3a1fc94551356102ab69ff2f7f0dd657cac34c4ade0b99371d8b1b620d1"}, {"condition_id": "0x7064b4bf253860b051624b34e4b58db0a05e63b08248c7f337407ea1ddcf58ae", "id": "0x28d7a96e2a52ee72216a7777c364d642b8ef84365a352674ed9f293ed5b85558_0xc5b0189cb02f879dac6d7bd2dce77c5c57f317a377cb2f144b6cd8abae6119c4", "outcome": "Over", "price": 0.5633333333333332, "proxy_wallet": "0x5268527977f700f9bf9b6d5cd843859e4e70135d", "side": "BUY", "size": 15, "slug": "mlb-cin-mil-2026-07-01-total-8pt5", "timestamp": "2026-07-02T01:48:22Z", "token_id": "64660158601874874021371603805733130336920359332833679116849517591518391938501", "transaction_hash": "0x28d7a96e2a52ee72216a7777c364d642b8ef84365a352674ed9f293ed5b85558"}, {"condition_id": "0x7064b4bf253860b051624b34e4b58db0a05e63b08248c7f337407ea1ddcf58ae", "id": "0x8b902f24836cecdf8b583fcecc0df0375ca469802d6f6a9698e3eb50a2e6ab29_0xc5b0189cb02f879dac6d7bd2dce77c5c57f317a377cb2f144b6cd8abae6119c4", "outcome": "Over", "price": 0.6, "proxy_wallet": "0x5268527977f700f9bf9b6d5cd843859e4e70135d", "side": "BUY", "size": 25, "slug": "mlb-cin-mil-2026-07-01-total-8pt5", "timestamp": "2026-07-02T01:48:20Z", "token_id": "64660158601874874021371603805733130336920359332833679116849517591518391938501", "transaction_hash": "0x8b902f24836cecdf8b583fcecc0df0375ca469802d6f6a9698e3eb50a2e6ab29"}, {"condition_id": "0x7064b4bf253860b051624b34e4b58db0a05e63b08248c7f337407ea1ddcf58ae", "id": "0xa1e335a8b4f95a8b191a6a58d637146c1e9cac652d44fb8bbc6494bfd7dcfa9d_0xc5b0189cb02f879dac6d7bd2dce77c5c57f317a377cb2f144b6cd8abae6119c4", "outcome": "Over", "price": 0.6000000000000001, "proxy_wallet": "0x5268527977f700f9bf9b6d5cd843859e4e70135d", "side": "BUY", "size": 10.25, "slug": "mlb-cin-mil-2026-07-01-total-8pt5", "timestamp": "2026-07-02T01:48:20Z", "token_id": "64660158601874874021371603805733130336920359332833679116849517591518391938501", "transaction_hash": "0xa1e335a8b4f95a8b191a6a58d637146c1e9cac652d44fb8bbc6494bfd7dcfa9d"}, {"condition_id": "0x7064b4bf253860b051624b34e4b58db0a05e63b08248c7f337407ea1ddcf58ae", "id": "0x46a6f8dce56f49458f719297bc794f4e85ff848e556c1458176cb93e7d83eacf_0xc5b0189cb02f879dac6d7bd2dce77c5c57f317a377cb2f144b6cd8abae6119c4", "outcome": "Over", "price": 0.6000000000000001, "proxy_wallet": "0x5268527977f700f9bf9b6d5cd843859e4e70135d", "side": "BUY", "size": 5.125, "slug": "mlb-cin-mil-2026-07-01-total-8pt5", "timestamp": "2026-07-02T01:48:20Z", "token_id": "64660158601874874021371603805733130336920359332833679116849517591518391938501", "transaction_hash": "0x46a6f8dce56f49458f719297bc794f4e85ff848e556c1458176cb93e7d83eacf"}, {"condition_id": "0xb06cef8614c330248ed45ee7ee90e56674a44bce0af00a775190d6b5ac2a3321", "id": "0x0de3c3dee58e41c2f870c442b051e2204cb2aa12da4a27fd229ebd647907ac82_0x4adea180bad4d47a2250658d41a8942b3ccc3cfdd8399273d636e40234e53174", "outcome": "Over", "price": 0.61, "proxy_wallet": "0x5268527977f700f9bf9b6d5cd843859e4e70135d", "side": "BUY", "size": 15, "slug": "mlb-lad-oak-2026-07-01-total-9pt5", "timestamp": "2026-07-02T01:47:56Z", "token_id": "69524906355691800369170938604786462633711583743959442435054506330684626191035", "transaction_hash": "0x0de3c3dee58e41c2f870c442b051e2204cb2aa12da4a27fd229ebd647907ac82"}, {"condition_id": "0xca90d3ca1ca8ddb57c70aa33ee5560aa2253cd03d32bcb929a0d66f14d599b73", "id": "0xdd2a4631d71a09a8313af9b7f0b85ae8c19c8914dfd7565ce172e62d8e2677b8_0x667b29a5bacf294ceba640a773f7f23096eae3319605419644c20a011b7aaa72", "outcome": "Pittsburgh Pirates", "price": 0.8099999999999999, "proxy_wallet": "0x5268527977f700f9bf9b6d5cd843859e4e70135d", "side": "BUY", "size": 5, "slug": "mlb-pit-phi-2026-07-01-spread-home-2pt5", "timestamp": "2026-07-02T01:47:41Z", "token_id": "50139905327119085264121624789981707072737392719661028909824033578173330249953", "transaction_hash": "0xdd2a4631d71a09a8313af9b7f0b85ae8c19c8914dfd7565ce172e62d8e2677b8"}, {"condition_id": "0xca90d3ca1ca8ddb57c70aa33ee5560aa2253cd03d32bcb929a0d66f14d599b73", "id": "0x7321dc54455b94d818496c580d72763c02480daa2c120a63d5931b2ed3b184e2_0x34d855fba3e7cf5fa46b4bfde5c3cf80daa34fe7576b1d0cb03731b2efa1dc5b", "outcome": "Pittsburgh Pirates", "price": 0.8, "proxy_wallet": "0x5268527977f700f9bf9b6d5cd843859e4e70135d", "side": "BUY", "size": 5, "slug": "mlb-pit-phi-2026-07-01-spread-home-2pt5", "timestamp": "2026-07-02T01:47:32Z", "token_id": "50139905327119085264121624789981707072737392719661028909824033578173330249953", "transaction_hash": "0x7321dc54455b94d818496c580d72763c02480daa2c120a63d5931b2ed3b184e2"}, {"condition_id": "0xd737f5e4f27ef59cb59d887a12d02c61b32885f158abdbd3f494c0287e69685a", "id": "0x9415ace9ee1ee1c9ce798881eaa9409c5e90940f5be57504ac0e5e06312b19d5_0xacd2123ab57dc2e29fc499e2e0d76e0ede8eda52a933991e30caa4cfbc908e25", "outcome": "Over", "price": 0.4400000224000035, "proxy_wallet": "0x5268527977f700f9bf9b6d5cd843859e4e70135d", "side": "BUY", "size": 8.92857, "slug": "mlb-lad-oak-2026-07-01-total-11pt5", "timestamp": "2026-07-02T01:47:11Z", "token_id": "82934152634212683671197565956900031191993889995649504366232737719209225281739", "transaction_hash": "0x9415ace9ee1ee1c9ce798881eaa9409c5e90940f5be57504ac0e5e06312b19d5"}, {"condition_id": "0x24ad679f4c302633137f753ac35c4001422762d1b4d2f3145fec78e58c60d768", "id": "0xb55b6dcdad93301dcf4c84fe8cb64fa875b08703f6e88e7f099ada07b8cc5bbe_0xa9d253b74143ac064545a237769c2059b4dae563c35e6f2f9bc3ba8c920881ad", "outcome": "Over", "price": 0.4300000046247469, "proxy_wallet": "0x5268527977f700f9bf9b6d5cd843859e4e70135d", "side": "BUY", "size": 17.298244, "slug": "mlb-sf-ari-2026-07-01-total-9pt5", "timestamp": "2026-07-02T01:46:16Z", "token_id": "101061157067340412123621025027866335682440909370767121886541058161721744238395", "transaction_hash": "0xb55b6dcdad93301dcf4c84fe8cb64fa875b08703f6e88e7f099ada07b8cc5bbe"}, {"condition_id": "0xca90d3ca1ca8ddb57c70aa33ee5560aa2253cd03d32bcb929a0d66f14d599b73", "id": "0x8bb6f22a99808c8e32f77258b578c7f83c0b1cb480f558b23c2de1638f7c4aae_0x22c051ed00f7e9ac711f88c79df9467bad064b9204b310c0348c57e9cb32f1d5", "outcome": "Pittsburgh Pirates", "price": 0.7800000836956658, "proxy_wallet": "0x5268527977f700f9bf9b6d5cd843859e4e70135d", "side": "BUY", "size": 8.363635, "slug": "mlb-pit-phi-2026-07-01-spread-home-2pt5", "timestamp": "2026-07-02T01:46:11Z", "token_id": "50139905327119085264121624789981707072737392719661028909824033578173330249953", "transaction_hash": "0x8bb6f22a99808c8e32f77258b578c7f83c0b1cb480f558b23c2de1638f7c4aae"}, {"condition_id": "0x8234eeaebab269fbfd2b72a915503ae05fc05956fc63d718dff7e5fbb4052972", "id": "0x255049b52720a1fc8078de7db6509c747e40e3c4ddd348258c23e8baf1b94bc5_0xa77b845a9504484782b818a1b76f2106f35729c7cf81cf2070b2fb275c2e76dd", "outcome": "Over", "price": 0.42, "proxy_wallet": "0x5268527977f700f9bf9b6d5cd843859e4e70135d", "side": "BUY", "size": 56.89655, "slug": "mlb-pit-phi-2026-07-01-total-14pt5", "timestamp": "2026-07-02T01:46:05Z", "token_id": "2616768212308558988886728470243448107338999538779285556568232071015099088365", "transaction_hash": "0x255049b52720a1fc8078de7db6509c747e40e3c4ddd348258c23e8baf1b94bc5"}, {"condition_id": "0x8234eeaebab269fbfd2b72a915503ae05fc05956fc63d718dff7e5fbb4052972", "id": "0x6e27a9928350ca2024479e13cf655a54651ea969770087dcb419ff70675e3bc9_0xa77b845a9504484782b818a1b76f2106f35729c7cf81cf2070b2fb275c2e76dd", "outcome": "Over", "price": 0.42000000539534893, "proxy_wallet": "0x5268527977f700f9bf9b6d5cd843859e4e70135d", "side": "BUY", "size": 74.13793, "slug": "mlb-pit-phi-2026-07-01-total-14pt5", "timestamp": "2026-07-02T01:46:05Z", "token_id": "2616768212308558988886728470243448107338999538779285556568232071015099088365", "transaction_hash": "0x6e27a9928350ca2024479e13cf655a54651ea969770087dcb419ff70675e3bc9"}, {"condition_id": "0x24ad679f4c302633137f753ac35c4001422762d1b4d2f3145fec78e58c60d768", "id": "0x84e1f1e481d399425d7195e94e6154d679598cab77e64d7d3f67b0ca6dc4b313_0x1a1db132a293e966ce0a2decd2ed9d13753265551f0e94f3db9adf11865ffbbe", "outcome": "Over", "price": 0.4400000065497081, "proxy_wallet": "0x5268527977f700f9bf9b6d5cd843859e4e70135d", "side": "BUY", "size": 18.321427, "slug": "mlb-sf-ari-2026-07-01-total-9pt5", "timestamp": "2026-07-02T01:45:11Z", "token_id": "101061157067340412123621025027866335682440909370767121886541058161721744238395", "transaction_hash": "0x84e1f1e481d399425d7195e94e6154d679598cab77e64d7d3f67b0ca6dc4b313"}, {"condition_id": "0x608b00ee32af0e4fc3a9d0bd978972951566be8e196cf66b348ea02b724b3351", "id": "0xfb41293ca71e9cfd45b8b69c9640e595c3a77e940a88768ab49bbc98052c558a_0x8d979eee1083a5f70415f505d696491f365c8f84905be393236596b92515d7e4", "outcome": "Over", "price": 0.53, "proxy_wallet": "0x5268527977f700f9bf9b6d5cd843859e4e70135d", "side": "BUY", "size": 39.99, "slug": "mlb-min-hou-2026-07-01-total-10pt5", "timestamp": "2026-07-02T01:44:34Z", "token_id": "97253181519628371091583182598805802393273459674967273394425003527019383148379", "transaction_hash": "0xfb41293ca71e9cfd45b8b69c9640e595c3a77e940a88768ab49bbc98052c558a"}, {"condition_id": "0x9f1fc9fa4e0af34538485d07cd1ca93fd0d7a45989346ed94be84dada491d2a6", "id": "0x8e7b56a55fd2370e901483d654a9a0321e85fbde5cfc1c22198536578098a5a1_0xa9fc498c1c738728a6404afba5167b811dce90a56069c5e790d6a486f2ec461f", "outcome": "Over", "price": 0.5199999999999999, "proxy_wallet": "0x5268527977f700f9bf9b6d5cd843859e4e70135d", "side": "BUY", "size": 13.14, "slug": "mlb-lad-oak-2026-07-01-total-10pt5", "timestamp": "2026-07-02T01:43:31Z", "token_id": "92620761428944922956770224102189954226304053863195882532869152771631024111160", "transaction_hash": "0x8e7b56a55fd2370e901483d654a9a0321e85fbde5cfc1c22198536578098a5a1"}, {"condition_id": "0x24ad679f4c302633137f753ac35c4001422762d1b4d2f3145fec78e58c60d768", "id": "0x122f74744bea6b240042a951c169e25da52239f0a9adbe1f059e556f92dbcaf4_0x839bdbce1b9926edde5f8e71c9ec4567398459f6f4db70eba989ee2ab2304610", "outcome": "Over", "price": 0.4600000152727284, "proxy_wallet": "0x5268527977f700f9bf9b6d5cd843859e4e70135d", "side": "BUY", "size": 18.333332, "slug": "mlb-sf-ari-2026-07-01-total-9pt5", "timestamp": "2026-07-02T01:42:58Z", "token_id": "101061157067340412123621025027866335682440909370767121886541058161721744238395", "transaction_hash": "0x122f74744bea6b240042a951c169e25da52239f0a9adbe1f059e556f92dbcaf4"}, {"condition_id": "0xcc3f41af4b7ef6c7b399c1666801913d6b129594b261c84c1d1a838f4f76242a", "id": "0x004e52bea51c2f366f17770931aa8bb9ddd3064f8b8ba1d213177dcabf2ef72d_0xcad56ae80758a367bc69b9cf910c828b2bbd095b91990876c5418a9c2cf2e6a9", "outcome": "Athletics", "price": 0.41, "proxy_wallet": "0x5268527977f700f9bf9b6d5cd843859e4e70135d", "side": "BUY", "size": 5.03, "slug": "mlb-lad-oak-2026-07-01", "timestamp": "2026-07-02T01:42:55Z", "token_id": "63301511544385839492348152876995091313680901609143343836346414761303245710252", "transaction_hash": "0x004e52bea51c2f366f17770931aa8bb9ddd3064f8b8ba1d213177dcabf2ef72d"}, {"condition_id": "0xcc3f41af4b7ef6c7b399c1666801913d6b129594b261c84c1d1a838f4f76242a", "id": "0xcab98120087f9a2ebe1033c4d4cb672a375bbf6318a6541a67336380287a99ba_0xcad56ae80758a367bc69b9cf910c828b2bbd095b91990876c5418a9c2cf2e6a9", "outcome": "Athletics", "price": 0.4100000000000001, "proxy_wallet": "0x5268527977f700f9bf9b6d5cd843859e4e70135d", "side": "BUY", "size": 2.01, "slug": "mlb-lad-oak-2026-07-01", "timestamp": "2026-07-02T01:42:52Z", "token_id": "63301511544385839492348152876995091313680901609143343836346414761303245710252", "transaction_hash": "0xcab98120087f9a2ebe1033c4d4cb672a375bbf6318a6541a67336380287a99ba"}, {"condition_id": "0xcc3f41af4b7ef6c7b399c1666801913d6b129594b261c84c1d1a838f4f76242a", "id": "0x9ec1d57643f0ccfc89be9d919ea5b03a9d2d98ea6f244a896f7d6a5a7a2ce383_0xcad56ae80758a367bc69b9cf910c828b2bbd095b91990876c5418a9c2cf2e6a9", "outcome": "Athletics", "price": 0.41, "proxy_wallet": "0x5268527977f700f9bf9b6d5cd843859e4e70135d", "side": "BUY", "size": 24.16, "slug": "mlb-lad-oak-2026-07-01", "timestamp": "2026-07-02T01:42:50Z", "token_id": "63301511544385839492348152876995091313680901609143343836346414761303245710252", "transaction_hash": "0x9ec1d57643f0ccfc89be9d919ea5b03a9d2d98ea6f244a896f7d6a5a7a2ce383"}, {"condition_id": "0xcc3f41af4b7ef6c7b399c1666801913d6b129594b261c84c1d1a838f4f76242a", "id": "0x8e7eb00ceed94bab091cfdabb09c200ebf38b9cdf459e9cb05b1b68ac3c78485_0xcad56ae80758a367bc69b9cf910c828b2bbd095b91990876c5418a9c2cf2e6a9", "outcome": "Athletics", "price": 0.41000000000000003, "proxy_wallet": "0x5268527977f700f9bf9b6d5cd843859e4e70135d", "side": "BUY", "size": 82.56, "slug": "mlb-lad-oak-2026-07-01", "timestamp": "2026-07-02T01:42:50Z", "token_id": "63301511544385839492348152876995091313680901609143343836346414761303245710252", "transaction_hash": "0x8e7eb00ceed94bab091cfdabb09c200ebf38b9cdf459e9cb05b1b68ac3c78485"}, {"condition_id": "0xcc3f41af4b7ef6c7b399c1666801913d6b129594b261c84c1d1a838f4f76242a", "id": "0x89f463fb3bfc2053445ffcbbb7b8192cfdd4bd63007ebf63ea0c8e7f273c348b_0xcad56ae80758a367bc69b9cf910c828b2bbd095b91990876c5418a9c2cf2e6a9", "outcome": "Athletics", "price": 0.4100000324500144, "proxy_wallet": "0x5268527977f700f9bf9b6d5cd843859e4e70135d", "side": "BUY", "size": 3.389829, "slug": "mlb-lad-oak-2026-07-01", "timestamp": "2026-07-02T01:42:46Z", "token_id": "63301511544385839492348152876995091313680901609143343836346414761303245710252", "transaction_hash": "0x89f463fb3bfc2053445ffcbbb7b8192cfdd4bd63007ebf63ea0c8e7f273c348b"}, {"condition_id": "0xcc3f41af4b7ef6c7b399c1666801913d6b129594b261c84c1d1a838f4f76242a", "id": "0xc4ea4a79150433111fd8245546f09bbe211ff8e370a92c859aba9f39621e58a8_0xcad56ae80758a367bc69b9cf910c828b2bbd095b91990876c5418a9c2cf2e6a9", "outcome": "Athletics", "price": 0.41000000000000003, "proxy_wallet": "0x5268527977f700f9bf9b6d5cd843859e4e70135d", "side": "BUY", "size": 38.26, "slug": "mlb-lad-oak-2026-07-01", "timestamp": "2026-07-02T01:42:41Z", "token_id": "63301511544385839492348152876995091313680901609143343836346414761303245710252", "transaction_hash": "0xc4ea4a79150433111fd8245546f09bbe211ff8e370a92c859aba9f39621e58a8"}, {"condition_id": "0xcc3f41af4b7ef6c7b399c1666801913d6b129594b261c84c1d1a838f4f76242a", "id": "0xf471766cd3ea97b7c3dd19f81c273803452348825160f9b38e82380b8b592db5_0xcad56ae80758a367bc69b9cf910c828b2bbd095b91990876c5418a9c2cf2e6a9", "outcome": "Athletics", "price": 0.41000000000000003, "proxy_wallet": "0x5268527977f700f9bf9b6d5cd843859e4e70135d", "side": "BUY", "size": 738.03, "slug": "mlb-lad-oak-2026-07-01", "timestamp": "2026-07-02T01:42:41Z", "token_id": "63301511544385839492348152876995091313680901609143343836346414761303245710252", "transaction_hash": "0xf471766cd3ea97b7c3dd19f81c273803452348825160f9b38e82380b8b592db5"}, {"condition_id": "0xcc3f41af4b7ef6c7b399c1666801913d6b129594b261c84c1d1a838f4f76242a", "id": "0x643cb66ca0871f79c3db10dac1502ad76287fc3fa8c3d1e246b05eaf6601e766_0xcad56ae80758a367bc69b9cf910c828b2bbd095b91990876c5418a9c2cf2e6a9", "outcome": "Athletics", "price": 0.41000000000000003, "proxy_wallet": "0x5268527977f700f9bf9b6d5cd843859e4e70135d", "side": "BUY", "size": 165.12, "slug": "mlb-lad-oak-2026-07-01", "timestamp": "2026-07-02T01:42:41Z", "token_id": "63301511544385839492348152876995091313680901609143343836346414761303245710252", "transaction_hash": "0x643cb66ca0871f79c3db10dac1502ad76287fc3fa8c3d1e246b05eaf6601e766"}, {"condition_id": "0xcc3f41af4b7ef6c7b399c1666801913d6b129594b261c84c1d1a838f4f76242a", "id": "0x0a51a172d8a3de583fd1b995497b7f925ae13dc68f983c6734aca02025d28f03_0xcad56ae80758a367bc69b9cf910c828b2bbd095b91990876c5418a9c2cf2e6a9", "outcome": "Athletics", "price": 0.41, "proxy_wallet": "0x5268527977f700f9bf9b6d5cd843859e4e70135d", "side": "BUY", "size": 54.37, "slug": "mlb-lad-oak-2026-07-01", "timestamp": "2026-07-02T01:42:40Z", "token_id": "63301511544385839492348152876995091313680901609143343836346414761303245710252", "transaction_hash": "0x0a51a172d8a3de583fd1b995497b7f925ae13dc68f983c6734aca02025d28f03"}, {"condition_id": "0xcc3f41af4b7ef6c7b399c1666801913d6b129594b261c84c1d1a838f4f76242a", "id": "0x005b048e0d849d1d6b726b15c36f9b0fd0ffb4889d1b2ef843e7d001b5764c71_0xcad56ae80758a367bc69b9cf910c828b2bbd095b91990876c5418a9c2cf2e6a9", "outcome": "Athletics", "price": 0.41, "proxy_wallet": "0x5268527977f700f9bf9b6d5cd843859e4e70135d", "side": "BUY", "size": 24.28, "slug": "mlb-lad-oak-2026-07-01", "timestamp": "2026-07-02T01:42:38Z", "token_id": "63301511544385839492348152876995091313680901609143343836346414761303245710252", "transaction_hash": "0x005b048e0d849d1d6b726b15c36f9b0fd0ffb4889d1b2ef843e7d001b5764c71"}, {"condition_id": "0x9f1fc9fa4e0af34538485d07cd1ca93fd0d7a45989346ed94be84dada491d2a6", "id": "0x5eacd389822cec74ffca852896600bcc6cc5c0a0685359358af85ac99aa54eb1_0x4975a3a7d55cd28550a7460c1f8eb33daace7a233de674cad252b7524b3cc89c", "outcome": "Over", "price": 0.4700000171313143, "proxy_wallet": "0x5268527977f700f9bf9b6d5cd843859e4e70135d", "side": "BUY", "size": 18.679244, "slug": "mlb-lad-oak-2026-07-01-total-10pt5", "timestamp": "2026-07-02T01:42:34Z", "token_id": "92620761428944922956770224102189954226304053863195882532869152771631024111160", "transaction_hash": "0x5eacd389822cec74ffca852896600bcc6cc5c0a0685359358af85ac99aa54eb1"}, {"condition_id": "0x9f1fc9fa4e0af34538485d07cd1ca93fd0d7a45989346ed94be84dada491d2a6", "id": "0x8f4f6e18c9fb2e0e937d14e8485c86ca69d683fa77244e103350c08fc15c48bd_0x4975a3a7d55cd28550a7460c1f8eb33daace7a233de674cad252b7524b3cc89c", "outcome": "Over", "price": 0.47000008833338874, "proxy_wallet": "0x5268527977f700f9bf9b6d5cd843859e4e70135d", "side": "BUY", "size": 2.377357, "slug": "mlb-lad-oak-2026-07-01-total-10pt5", "timestamp": "2026-07-02T01:42:34Z", "token_id": "92620761428944922956770224102189954226304053863195882532869152771631024111160", "transaction_hash": "0x8f4f6e18c9fb2e0e937d14e8485c86ca69d683fa77244e103350c08fc15c48bd"}, {"condition_id": "0x9f1fc9fa4e0af34538485d07cd1ca93fd0d7a45989346ed94be84dada491d2a6", "id": "0x1c6ff4a76532fb23933fe3957b7a3aa55e052c305a21ccf6622733251740056a_0x13ea82b1d4ca7ff27eb39126e6b9f685afb602fc0a9053a360e175d142bc8180", "outcome": "Over", "price": 0.4799999999999999, "proxy_wallet": "0x5268527977f700f9bf9b6d5cd843859e4e70135d", "side": "BUY", "size": 81.43, "slug": "mlb-lad-oak-2026-07-01-total-10pt5", "timestamp": "2026-07-02T01:42:32Z", "token_id": "92620761428944922956770224102189954226304053863195882532869152771631024111160", "transaction_hash": "0x1c6ff4a76532fb23933fe3957b7a3aa55e052c305a21ccf6622733251740056a"}, {"condition_id": "0xc53aeba4b42c33c25397e6df74ba82852a20deba676d9cf38ac1c71535e972b1", "id": "0x39bbd67c4411f1bcd864bcbe1c304c348a73247f07e8dc7484b21cd02d5b25a6_0xaffbc7e6e2b7fc2ab675b09140a84bf10a528520600a26c803c7da1a181e92cd", "outcome": "Over", "price": 0.19000000203007722, "proxy_wallet": "0x5268527977f700f9bf9b6d5cd843859e4e70135d", "side": "BUY", "size": 4.925921, "slug": "mlb-tb-kc-2026-07-01-total-5pt5", "timestamp": "2026-07-02T01:42:22Z", "token_id": "47618594756992732460106314905145375019801373569449439144398142990176144890728", "transaction_hash": "0x39bbd67c4411f1bcd864bcbe1c304c348a73247f07e8dc7484b21cd02d5b25a6"}, {"condition_id": "0xc53aeba4b42c33c25397e6df74ba82852a20deba676d9cf38ac1c71535e972b1", "id": "0xecf1d1cb637198ad16c8cea8f1434c766ee9d30814c83b41e6d0ac881cc71a9e_0x935cfc9a65005afab71eebe3aa5b9f7e605c664b805146c010c17ed99320e867", "outcome": "Under", "price": 0.76, "proxy_wallet": "0x5268527977f700f9bf9b6d5cd843859e4e70135d", "side": "BUY", "size": 20, "slug": "mlb-tb-kc-2026-07-01-total-5pt5", "timestamp": "2026-07-02T01:42:16Z", "token_id": "92316194743309862616622883694255710602192628937327989920113405469922886475562", "transaction_hash": "0xecf1d1cb637198ad16c8cea8f1434c766ee9d30814c83b41e6d0ac881cc71a9e"}, {"condition_id": "0xc53aeba4b42c33c25397e6df74ba82852a20deba676d9cf38ac1c71535e972b1", "id": "0xbad7bb36e03ce0a4475c75ad528c2a87c6944448cd1b5e0d3611ea54532c4148_0x3a8a652573f2e1c7992b9252520c320ba548e567cc1c74515f784fbdddf7ebdb", "outcome": "Under", "price": 0.77, "proxy_wallet": "0x5268527977f700f9bf9b6d5cd843859e4e70135d", "side": "BUY", "size": 1143, "slug": "mlb-tb-kc-2026-07-01-total-5pt5", "timestamp": "2026-07-02T01:42:14Z", "token_id": "92316194743309862616622883694255710602192628937327989920113405469922886475562", "transaction_hash": "0xbad7bb36e03ce0a4475c75ad528c2a87c6944448cd1b5e0d3611ea54532c4148"}, {"condition_id": "0x9f1fc9fa4e0af34538485d07cd1ca93fd0d7a45989346ed94be84dada491d2a6", "id": "0x004ad9d76aff69660cf4abd37908042c747be6cd32f54bbe08eb66152fa5290c_0x4f90a26809d413c7dc36d10f72cc482fbc3a32967456581be58a201a30e639cc", "outcome": "Under", "price": 0.45999999999999996, "proxy_wallet": "0x5268527977f700f9bf9b6d5cd843859e4e70135d", "side": "BUY", "size": 499.99, "slug": "mlb-lad-oak-2026-07-01-total-10pt5", "timestamp": "2026-07-02T01:42:07Z", "token_id": "68403683078011534181983449453403670223956468783815711662812446853492543129439", "transaction_hash": "0x004ad9d76aff69660cf4abd37908042c747be6cd32f54bbe08eb66152fa5290c"}, {"condition_id": "0x4d6da45502cba72162462a4bf8d404f0a25be59e73c8622cb3c9f4e32602f369", "id": "0x36b11d9d5ac160c73ba7531cab6b46e5be11778d215e471982068170370fcc79_0xb44d8176258472f7110bc96ecf650b7ec063e15b366d92cbd10c0743a1e93e86", "outcome": "Athletics", "price": 0.51, "proxy_wallet": "0x5268527977f700f9bf9b6d5cd843859e4e70135d", "side": "BUY", "size": 3, "slug": "mlb-lad-oak-2026-07-01-spread-away-1pt5", "timestamp": "2026-07-02T01:42:04Z", "token_id": "35745427557345507562070639963785505730393476019933255633900999747048809241330", "transaction_hash": "0x36b11d9d5ac160c73ba7531cab6b46e5be11778d215e471982068170370fcc79"}, {"condition_id": "0x9f1fc9fa4e0af34538485d07cd1ca93fd0d7a45989346ed94be84dada491d2a6", "id": "0x8fe1561604779a172aa3770b55e37225653ff7bcbe366b0bdc4fb9db26dc283c_0xb45a1b0539b67bf69dbb0b9795119e7e5eaf15b46421bf0c24f428f6c01d5b4a", "outcome": "Under", "price": 0.45, "proxy_wallet": "0x5268527977f700f9bf9b6d5cd843859e4e70135d", "side": "BUY", "size": 41.04, "slug": "mlb-lad-oak-2026-07-01-total-10pt5", "timestamp": "2026-07-02T01:41:50Z", "token_id": "68403683078011534181983449453403670223956468783815711662812446853492543129439", "transaction_hash": "0x8fe1561604779a172aa3770b55e37225653ff7bcbe366b0bdc4fb9db26dc283c"}, {"condition_id": "0x503cc08c1fcff5bcca91d07c143e87b3bddd68566445851e93db965e6a1a122d", "id": "0x4a47fa7bc9b6f78fa8a943337dea19b4abc80a730cfd1f17a7e3f4a9bb83daf9_0xe858fc3b2d428653b232d7e214e93eb8a11713d8c88b7a2ee0639d168beca29f", "outcome": "Colorado Rockies", "price": 0.37, "proxy_wallet": "0x5268527977f700f9bf9b6d5cd843859e4e70135d", "side": "BUY", "size": 232.49, "slug": "mlb-mia-col-2026-07-01", "timestamp": "2026-07-02T01:41:17Z", "token_id": "77275020519117476392252162482053003018718756533700410205853872084141713559998", "transaction_hash": "0x4a47fa7bc9b6f78fa8a943337dea19b4abc80a730cfd1f17a7e3f4a9bb83daf9"}, {"condition_id": "0x503cc08c1fcff5bcca91d07c143e87b3bddd68566445851e93db965e6a1a122d", "id": "0x310d8944bfe6d6fef6afe9df8936d0c2d3e8a8848a1e09ea78a24b2ad4072d80_0xe858fc3b2d428653b232d7e214e93eb8a11713d8c88b7a2ee0639d168beca29f", "outcome": "Colorado Rockies", "price": 0.37, "proxy_wallet": "0x5268527977f700f9bf9b6d5cd843859e4e70135d", "side": "BUY", "size": 101.65, "slug": "mlb-mia-col-2026-07-01", "timestamp": "2026-07-02T01:41:14Z", "token_id": "77275020519117476392252162482053003018718756533700410205853872084141713559998", "transaction_hash": "0x310d8944bfe6d6fef6afe9df8936d0c2d3e8a8848a1e09ea78a24b2ad4072d80"}, {"condition_id": "0x503cc08c1fcff5bcca91d07c143e87b3bddd68566445851e93db965e6a1a122d", "id": "0x60e1c1192ad920c1551610149188dfa2088fc18ab3a6a3f2d33394e64ff199e9_0xe858fc3b2d428653b232d7e214e93eb8a11713d8c88b7a2ee0639d168beca29f", "outcome": "Colorado Rockies", "price": 0.37, "proxy_wallet": "0x5268527977f700f9bf9b6d5cd843859e4e70135d", "side": "BUY", "size": 38.24, "slug": "mlb-mia-col-2026-07-01", "timestamp": "2026-07-02T01:41:08Z", "token_id": "77275020519117476392252162482053003018718756533700410205853872084141713559998", "transaction_hash": "0x60e1c1192ad920c1551610149188dfa2088fc18ab3a6a3f2d33394e64ff199e9"}, {"condition_id": "0x503cc08c1fcff5bcca91d07c143e87b3bddd68566445851e93db965e6a1a122d", "id": "0x7079fa8592393605d889db7c8b42cf0de4b89987ce296515b7913b0918c8aee3_0xe858fc3b2d428653b232d7e214e93eb8a11713d8c88b7a2ee0639d168beca29f", "outcome": "Colorado Rockies", "price": 0.37, "proxy_wallet": "0x5268527977f700f9bf9b6d5cd843859e4e70135d", "side": "BUY", "size": 465.99, "slug": "mlb-mia-col-2026-07-01", "timestamp": "2026-07-02T01:41:07Z", "token_id": "77275020519117476392252162482053003018718756533700410205853872084141713559998", "transaction_hash": "0x7079fa8592393605d889db7c8b42cf0de4b89987ce296515b7913b0918c8aee3"}, {"condition_id": "0x503cc08c1fcff5bcca91d07c143e87b3bddd68566445851e93db965e6a1a122d", "id": "0xf8d36944641e73d162711c430fc2ae6a23d7fb1474d2c276c3cf08d3f75f906b_0xe858fc3b2d428653b232d7e214e93eb8a11713d8c88b7a2ee0639d168beca29f", "outcome": "Colorado Rockies", "price": 0.37, "proxy_wallet": "0x5268527977f700f9bf9b6d5cd843859e4e70135d", "side": "BUY", "size": 23.14, "slug": "mlb-mia-col-2026-07-01", "timestamp": "2026-07-02T01:41:05Z", "token_id": "77275020519117476392252162482053003018718756533700410205853872084141713559998", "transaction_hash": "0xf8d36944641e73d162711c430fc2ae6a23d7fb1474d2c276c3cf08d3f75f906b"}], "polled_at": "2026-07-02T01:50:20.510815+00:00"}