{"wallet": "0xa804390f80019699ab34a282c0df7528fba82a75", "total_trades_90d": 200, "mlb_trades_count": 50, "mlb_condition_ids": ["0x405ad8b0b07bc4296631721c78e94677f65e6f2b2ebd1d550b0e25894752fcff", "0x4d6da45502cba72162462a4bf8d404f0a25be59e73c8622cb3c9f4e32602f369", "0x9fd1dc171c922192e9f1ca0df99f741f72d6aecacd9f8ad766c146f10158b8b0", "0xa944601a6e0f66f0404a86cb15ac1bc7043e24068d2269a0626f8cd93817d1d1", "0xb75a73ddf94b74666787b3433650fe1d10fd0d42450c81f8accb708e032c3848", "0xc914b1455039d1c6d255982f542c22f6793f576d1c073d465e732992bd72ac04", "0xcc3f41af4b7ef6c7b399c1666801913d6b129594b261c84c1d1a838f4f76242a", "0xffcc16466bec36ad1a0d27106b53eaf338b4013c40fa6fdf446819e14318141d"], "mlb_trade_details": [{"condition_id": "0xcc3f41af4b7ef6c7b399c1666801913d6b129594b261c84c1d1a838f4f76242a", "id": "0x3cae291779632669a847ab1ddeaa0788922864586d761e4da800130b4b222142_0x15d3248c1388a3501209568f63e7b59f73d7a66665771227c34e9c24a67a6538", "outcome": "Athletics", "price": 0.3900000026654486, "proxy_wallet": "0xa804390f80019699ab34a282c0df7528fba82a75", "side": "BUY", "size": 82.537702, "slug": "mlb-lad-oak-2026-07-01", "timestamp": "2026-07-02T01:39:10Z", "token_id": "63301511544385839492348152876995091313680901609143343836346414761303245710252", "transaction_hash": "0x3cae291779632669a847ab1ddeaa0788922864586d761e4da800130b4b222142"}, {"condition_id": "0xcc3f41af4b7ef6c7b399c1666801913d6b129594b261c84c1d1a838f4f76242a", "id": "0x5069ca0e1192bbb35ceb8ec2d545576a65d0a1fb6c92eec1025baef5cc223f02_0x15d3248c1388a3501209568f63e7b59f73d7a66665771227c34e9c24a67a6538", "outcome": "Athletics", "price": 0.39, "proxy_wallet": "0xa804390f80019699ab34a282c0df7528fba82a75", "side": "BUY", "size": 16.11, "slug": "mlb-lad-oak-2026-07-01", "timestamp": "2026-07-02T01:35:13Z", "token_id": "63301511544385839492348152876995091313680901609143343836346414761303245710252", "transaction_hash": "0x5069ca0e1192bbb35ceb8ec2d545576a65d0a1fb6c92eec1025baef5cc223f02"}, {"condition_id": "0xcc3f41af4b7ef6c7b399c1666801913d6b129594b261c84c1d1a838f4f76242a", "id": "0x4d5f6486e48b64cecd5ed5dae2bab3f923d46b7f3a85180cf7a5140ab0335f6b_0x15d3248c1388a3501209568f63e7b59f73d7a66665771227c34e9c24a67a6538", "outcome": "Athletics", "price": 0.39, "proxy_wallet": "0xa804390f80019699ab34a282c0df7528fba82a75", "side": "BUY", "size": 16.11, "slug": "mlb-lad-oak-2026-07-01", "timestamp": "2026-07-02T01:35:04Z", "token_id": "63301511544385839492348152876995091313680901609143343836346414761303245710252", "transaction_hash": "0x4d5f6486e48b64cecd5ed5dae2bab3f923d46b7f3a85180cf7a5140ab0335f6b"}, {"condition_id": "0xcc3f41af4b7ef6c7b399c1666801913d6b129594b261c84c1d1a838f4f76242a", "id": "0x66869141d61157de806c13b9397cfc9ebf4e3807453224d5318e70bcb8b5737a_0x15d3248c1388a3501209568f63e7b59f73d7a66665771227c34e9c24a67a6538", "outcome": "Athletics", "price": 0.38999999999999996, "proxy_wallet": "0xa804390f80019699ab34a282c0df7528fba82a75", "side": "BUY", "size": 303.16, "slug": "mlb-lad-oak-2026-07-01", "timestamp": "2026-07-02T01:35:02Z", "token_id": "63301511544385839492348152876995091313680901609143343836346414761303245710252", "transaction_hash": "0x66869141d61157de806c13b9397cfc9ebf4e3807453224d5318e70bcb8b5737a"}, {"condition_id": "0xcc3f41af4b7ef6c7b399c1666801913d6b129594b261c84c1d1a838f4f76242a", "id": "0xfb732503222b9b0669d9975cf0d19ee6619d036cca0a9db90153e6d9a5f8e11f_0x15d3248c1388a3501209568f63e7b59f73d7a66665771227c34e9c24a67a6538", "outcome": "Athletics", "price": 0.38999999999999996, "proxy_wallet": "0xa804390f80019699ab34a282c0df7528fba82a75", "side": "BUY", "size": 9.06, "slug": "mlb-lad-oak-2026-07-01", "timestamp": "2026-07-02T01:35:02Z", "token_id": "63301511544385839492348152876995091313680901609143343836346414761303245710252", "transaction_hash": "0xfb732503222b9b0669d9975cf0d19ee6619d036cca0a9db90153e6d9a5f8e11f"}, {"condition_id": "0xcc3f41af4b7ef6c7b399c1666801913d6b129594b261c84c1d1a838f4f76242a", "id": "0x57d22f509b0549b2a93448c51b58aa6bf64e7d1514d2aaff4c82231566adc748_0x15d3248c1388a3501209568f63e7b59f73d7a66665771227c34e9c24a67a6538", "outcome": "Athletics", "price": 0.39, "proxy_wallet": "0xa804390f80019699ab34a282c0df7528fba82a75", "side": "BUY", "size": 322.3, "slug": "mlb-lad-oak-2026-07-01", "timestamp": "2026-07-02T01:34:56Z", "token_id": "63301511544385839492348152876995091313680901609143343836346414761303245710252", "transaction_hash": "0x57d22f509b0549b2a93448c51b58aa6bf64e7d1514d2aaff4c82231566adc748"}, {"condition_id": "0xcc3f41af4b7ef6c7b399c1666801913d6b129594b261c84c1d1a838f4f76242a", "id": "0x50fd248bee0f0d825706bf83619e1178a831f8a2aafe6caa0a10b193a668e78f_0x15d3248c1388a3501209568f63e7b59f73d7a66665771227c34e9c24a67a6538", "outcome": "Athletics", "price": 0.39, "proxy_wallet": "0xa804390f80019699ab34a282c0df7528fba82a75", "side": "BUY", "size": 32.23, "slug": "mlb-lad-oak-2026-07-01", "timestamp": "2026-07-02T01:34:53Z", "token_id": "63301511544385839492348152876995091313680901609143343836346414761303245710252", "transaction_hash": "0x50fd248bee0f0d825706bf83619e1178a831f8a2aafe6caa0a10b193a668e78f"}, {"condition_id": "0xcc3f41af4b7ef6c7b399c1666801913d6b129594b261c84c1d1a838f4f76242a", "id": "0xabf3573796c709b11e084cfa743cddb8e2bee146471f434514c394f5268c0d27_0x15d3248c1388a3501209568f63e7b59f73d7a66665771227c34e9c24a67a6538", "outcome": "Athletics", "price": 0.39, "proxy_wallet": "0xa804390f80019699ab34a282c0df7528fba82a75", "side": "BUY", "size": 32.23, "slug": "mlb-lad-oak-2026-07-01", "timestamp": "2026-07-02T01:34:50Z", "token_id": "63301511544385839492348152876995091313680901609143343836346414761303245710252", "transaction_hash": "0xabf3573796c709b11e084cfa743cddb8e2bee146471f434514c394f5268c0d27"}, {"condition_id": "0xcc3f41af4b7ef6c7b399c1666801913d6b129594b261c84c1d1a838f4f76242a", "id": "0x89366bf4733eeb8c7b735874d05a891c0c032b932b08446860f368927dcae748_0x15d3248c1388a3501209568f63e7b59f73d7a66665771227c34e9c24a67a6538", "outcome": "Athletics", "price": 0.39, "proxy_wallet": "0xa804390f80019699ab34a282c0df7528fba82a75", "side": "BUY", "size": 16.11, "slug": "mlb-lad-oak-2026-07-01", "timestamp": "2026-07-02T01:34:50Z", "token_id": "63301511544385839492348152876995091313680901609143343836346414761303245710252", "transaction_hash": "0x89366bf4733eeb8c7b735874d05a891c0c032b932b08446860f368927dcae748"}, {"condition_id": "0xcc3f41af4b7ef6c7b399c1666801913d6b129594b261c84c1d1a838f4f76242a", "id": "0x1b22587b6a2ad9b1c014b0c73cdf579c8d485ef8a54c99475b6dbfff933e8910_0x15d3248c1388a3501209568f63e7b59f73d7a66665771227c34e9c24a67a6538", "outcome": "Athletics", "price": 0.39, "proxy_wallet": "0xa804390f80019699ab34a282c0df7528fba82a75", "side": "BUY", "size": 27.19, "slug": "mlb-lad-oak-2026-07-01", "timestamp": "2026-07-02T01:34:49Z", "token_id": "63301511544385839492348152876995091313680901609143343836346414761303245710252", "transaction_hash": "0x1b22587b6a2ad9b1c014b0c73cdf579c8d485ef8a54c99475b6dbfff933e8910"}, {"condition_id": "0xcc3f41af4b7ef6c7b399c1666801913d6b129594b261c84c1d1a838f4f76242a", "id": "0xef1fab3911b41c6b43834d2de3af74f1c5b67497e15048a6a7084c2ca3be7b17_0x15d3248c1388a3501209568f63e7b59f73d7a66665771227c34e9c24a67a6538", "outcome": "Athletics", "price": 0.39, "proxy_wallet": "0xa804390f80019699ab34a282c0df7528fba82a75", "side": "BUY", "size": 110.79, "slug": "mlb-lad-oak-2026-07-01", "timestamp": "2026-07-02T01:34:47Z", "token_id": "63301511544385839492348152876995091313680901609143343836346414761303245710252", "transaction_hash": "0xef1fab3911b41c6b43834d2de3af74f1c5b67497e15048a6a7084c2ca3be7b17"}, {"condition_id": "0xcc3f41af4b7ef6c7b399c1666801913d6b129594b261c84c1d1a838f4f76242a", "id": "0x3d875efc0cec92730fc5e410c6d7603f84584d52d3d7c369cf2e796273b0d699_0x15d3248c1388a3501209568f63e7b59f73d7a66665771227c34e9c24a67a6538", "outcome": "Athletics", "price": 0.39000014030010804, "proxy_wallet": "0xa804390f80019699ab34a282c0df7528fba82a75", "side": "BUY", "size": 1.639343, "slug": "mlb-lad-oak-2026-07-01", "timestamp": "2026-07-02T01:34:47Z", "token_id": "63301511544385839492348152876995091313680901609143343836346414761303245710252", "transaction_hash": "0x3d875efc0cec92730fc5e410c6d7603f84584d52d3d7c369cf2e796273b0d699"}, {"condition_id": "0xcc3f41af4b7ef6c7b399c1666801913d6b129594b261c84c1d1a838f4f76242a", "id": "0x5c63c5fdb410fc65fe432ac3a4604e0a7d813a71e3d04f68dfdadffef329ff5c_0x15d3248c1388a3501209568f63e7b59f73d7a66665771227c34e9c24a67a6538", "outcome": "Athletics", "price": 0.38999999999999996, "proxy_wallet": "0xa804390f80019699ab34a282c0df7528fba82a75", "side": "BUY", "size": 24.17, "slug": "mlb-lad-oak-2026-07-01", "timestamp": "2026-07-02T01:34:46Z", "token_id": "63301511544385839492348152876995091313680901609143343836346414761303245710252", "transaction_hash": "0x5c63c5fdb410fc65fe432ac3a4604e0a7d813a71e3d04f68dfdadffef329ff5c"}, {"condition_id": "0xcc3f41af4b7ef6c7b399c1666801913d6b129594b261c84c1d1a838f4f76242a", "id": "0xdf92152172a4b571aade7000a8d95e627d3d261caa3898ec3c6ee3ef0ba546fe_0x15d3248c1388a3501209568f63e7b59f73d7a66665771227c34e9c24a67a6538", "outcome": "Athletics", "price": 0.39000002404379824, "proxy_wallet": "0xa804390f80019699ab34a282c0df7528fba82a75", "side": "BUY", "size": 11.229507, "slug": "mlb-lad-oak-2026-07-01", "timestamp": "2026-07-02T01:34:35Z", "token_id": "63301511544385839492348152876995091313680901609143343836346414761303245710252", "transaction_hash": "0xdf92152172a4b571aade7000a8d95e627d3d261caa3898ec3c6ee3ef0ba546fe"}, {"condition_id": "0xcc3f41af4b7ef6c7b399c1666801913d6b129594b261c84c1d1a838f4f76242a", "id": "0x1d0420d58411cc476aa29b4f84095ee38e3cd797bfcb25715cd18e2ba322c056_0x15d3248c1388a3501209568f63e7b59f73d7a66665771227c34e9c24a67a6538", "outcome": "Athletics", "price": 0.38999999999999996, "proxy_wallet": "0xa804390f80019699ab34a282c0df7528fba82a75", "side": "BUY", "size": 40.28, "slug": "mlb-lad-oak-2026-07-01", "timestamp": "2026-07-02T01:34:31Z", "token_id": "63301511544385839492348152876995091313680901609143343836346414761303245710252", "transaction_hash": "0x1d0420d58411cc476aa29b4f84095ee38e3cd797bfcb25715cd18e2ba322c056"}, {"condition_id": "0xcc3f41af4b7ef6c7b399c1666801913d6b129594b261c84c1d1a838f4f76242a", "id": "0x1132243e58ce8d1f6a12da3fdb42eb8db0ad643b88d618413ba7aaa2994a3719_0x15d3248c1388a3501209568f63e7b59f73d7a66665771227c34e9c24a67a6538", "outcome": "Athletics", "price": 0.39, "proxy_wallet": "0xa804390f80019699ab34a282c0df7528fba82a75", "side": "BUY", "size": 16.11, "slug": "mlb-lad-oak-2026-07-01", "timestamp": "2026-07-02T01:34:22Z", "token_id": "63301511544385839492348152876995091313680901609143343836346414761303245710252", "transaction_hash": "0x1132243e58ce8d1f6a12da3fdb42eb8db0ad643b88d618413ba7aaa2994a3719"}, {"condition_id": "0xcc3f41af4b7ef6c7b399c1666801913d6b129594b261c84c1d1a838f4f76242a", "id": "0x5a28ae3a741732fb71b161a33e321a6d738a3aecc035044ffafc326cdad489fc_0x15d3248c1388a3501209568f63e7b59f73d7a66665771227c34e9c24a67a6538", "outcome": "Athletics", "price": 0.39, "proxy_wallet": "0xa804390f80019699ab34a282c0df7528fba82a75", "side": "BUY", "size": 16.11, "slug": "mlb-lad-oak-2026-07-01", "timestamp": "2026-07-02T01:34:19Z", "token_id": "63301511544385839492348152876995091313680901609143343836346414761303245710252", "transaction_hash": "0x5a28ae3a741732fb71b161a33e321a6d738a3aecc035044ffafc326cdad489fc"}, {"condition_id": "0xcc3f41af4b7ef6c7b399c1666801913d6b129594b261c84c1d1a838f4f76242a", "id": "0x0f06c4cfbb8ffe69f169b2c82c11fb0c75503ee532ecbab75bc56838daf790c0_0x15d3248c1388a3501209568f63e7b59f73d7a66665771227c34e9c24a67a6538", "outcome": "Athletics", "price": 0.39, "proxy_wallet": "0xa804390f80019699ab34a282c0df7528fba82a75", "side": "BUY", "size": 16.11, "slug": "mlb-lad-oak-2026-07-01", "timestamp": "2026-07-02T01:34:10Z", "token_id": "63301511544385839492348152876995091313680901609143343836346414761303245710252", "transaction_hash": "0x0f06c4cfbb8ffe69f169b2c82c11fb0c75503ee532ecbab75bc56838daf790c0"}, {"condition_id": "0xcc3f41af4b7ef6c7b399c1666801913d6b129594b261c84c1d1a838f4f76242a", "id": "0x4f97d42d85a7e23bef252b4a7fc08e6541dfb78253cd251cd6b8fd2114ca459a_0x15d3248c1388a3501209568f63e7b59f73d7a66665771227c34e9c24a67a6538", "outcome": "Athletics", "price": 0.38999999999999996, "proxy_wallet": "0xa804390f80019699ab34a282c0df7528fba82a75", "side": "BUY", "size": 8.05, "slug": "mlb-lad-oak-2026-07-01", "timestamp": "2026-07-02T01:34:05Z", "token_id": "63301511544385839492348152876995091313680901609143343836346414761303245710252", "transaction_hash": "0x4f97d42d85a7e23bef252b4a7fc08e6541dfb78253cd251cd6b8fd2114ca459a"}, {"condition_id": "0xcc3f41af4b7ef6c7b399c1666801913d6b129594b261c84c1d1a838f4f76242a", "id": "0x7077757d13012a155e952ddcb52b192aca1364cfff390832c54c852461275b40_0x15d3248c1388a3501209568f63e7b59f73d7a66665771227c34e9c24a67a6538", "outcome": "Athletics", "price": 0.38999999999999996, "proxy_wallet": "0xa804390f80019699ab34a282c0df7528fba82a75", "side": "BUY", "size": 3.02, "slug": "mlb-lad-oak-2026-07-01", "timestamp": "2026-07-02T01:34:02Z", "token_id": "63301511544385839492348152876995091313680901609143343836346414761303245710252", "transaction_hash": "0x7077757d13012a155e952ddcb52b192aca1364cfff390832c54c852461275b40"}, {"condition_id": "0xcc3f41af4b7ef6c7b399c1666801913d6b129594b261c84c1d1a838f4f76242a", "id": "0xc8133c2efd1ba63edf76be410a2b94e4789a49c9681c1d33e8df7e99d04934ef_0x15d3248c1388a3501209568f63e7b59f73d7a66665771227c34e9c24a67a6538", "outcome": "Athletics", "price": 0.39, "proxy_wallet": "0xa804390f80019699ab34a282c0df7528fba82a75", "side": "BUY", "size": 64.46, "slug": "mlb-lad-oak-2026-07-01", "timestamp": "2026-07-02T01:33:53Z", "token_id": "63301511544385839492348152876995091313680901609143343836346414761303245710252", "transaction_hash": "0xc8133c2efd1ba63edf76be410a2b94e4789a49c9681c1d33e8df7e99d04934ef"}, {"condition_id": "0xcc3f41af4b7ef6c7b399c1666801913d6b129594b261c84c1d1a838f4f76242a", "id": "0x800aa804c6b5ba161122e1cf50387ba599409bfbcaf291c291efb7086373198b_0x15d3248c1388a3501209568f63e7b59f73d7a66665771227c34e9c24a67a6538", "outcome": "Athletics", "price": 0.38999999999999996, "proxy_wallet": "0xa804390f80019699ab34a282c0df7528fba82a75", "side": "BUY", "size": 5.03, "slug": "mlb-lad-oak-2026-07-01", "timestamp": "2026-07-02T01:33:50Z", "token_id": "63301511544385839492348152876995091313680901609143343836346414761303245710252", "transaction_hash": "0x800aa804c6b5ba161122e1cf50387ba599409bfbcaf291c291efb7086373198b"}, {"condition_id": "0x4d6da45502cba72162462a4bf8d404f0a25be59e73c8622cb3c9f4e32602f369", "id": "0x611ed300acfb26a297becff7896b7ef54cbeba44708cebfd93c7cbbc6c7274ab_0x9a4faca9d9156c2010d9cb4aaa8e7d318a76f9c737da562184807b4cfb58892e", "outcome": "Athletics", "price": 0.5, "proxy_wallet": "0xa804390f80019699ab34a282c0df7528fba82a75", "side": "BUY", "size": 109.7, "slug": "mlb-lad-oak-2026-07-01-spread-away-1pt5", "timestamp": "2026-07-02T00:36:10Z", "token_id": "35745427557345507562070639963785505730393476019933255633900999747048809241330", "transaction_hash": "0x611ed300acfb26a297becff7896b7ef54cbeba44708cebfd93c7cbbc6c7274ab"}, {"condition_id": "0x4d6da45502cba72162462a4bf8d404f0a25be59e73c8622cb3c9f4e32602f369", "id": "0x37caffe6c6c20675687903f287f55de5a1c7a6be226449bae66a2921a945cb51_0x9a4faca9d9156c2010d9cb4aaa8e7d318a76f9c737da562184807b4cfb58892e", "outcome": "Athletics", "price": 0.5, "proxy_wallet": "0xa804390f80019699ab34a282c0df7528fba82a75", "side": "BUY", "size": 8, "slug": "mlb-lad-oak-2026-07-01-spread-away-1pt5", "timestamp": "2026-07-02T00:29:26Z", "token_id": "35745427557345507562070639963785505730393476019933255633900999747048809241330", "transaction_hash": "0x37caffe6c6c20675687903f287f55de5a1c7a6be226449bae66a2921a945cb51"}, {"condition_id": "0x4d6da45502cba72162462a4bf8d404f0a25be59e73c8622cb3c9f4e32602f369", "id": "0x529c6f646188df417fd1caf9622cb594ffd5e3ca6e0e62e71abad6b29db96845_0x9a4faca9d9156c2010d9cb4aaa8e7d318a76f9c737da562184807b4cfb58892e", "outcome": "Athletics", "price": 0.5, "proxy_wallet": "0xa804390f80019699ab34a282c0df7528fba82a75", "side": "BUY", "size": 60, "slug": "mlb-lad-oak-2026-07-01-spread-away-1pt5", "timestamp": "2026-07-02T00:11:20Z", "token_id": "35745427557345507562070639963785505730393476019933255633900999747048809241330", "transaction_hash": "0x529c6f646188df417fd1caf9622cb594ffd5e3ca6e0e62e71abad6b29db96845"}, {"condition_id": "0x4d6da45502cba72162462a4bf8d404f0a25be59e73c8622cb3c9f4e32602f369", "id": "0xcb29dde54f7dde5ace76a2c3dede5ae853fd31ecd4fd065157a7481b046ee9e6_0x9a4faca9d9156c2010d9cb4aaa8e7d318a76f9c737da562184807b4cfb58892e", "outcome": "Athletics", "price": 0.5, "proxy_wallet": "0xa804390f80019699ab34a282c0df7528fba82a75", "side": "BUY", "size": 5, "slug": "mlb-lad-oak-2026-07-01-spread-away-1pt5", "timestamp": "2026-07-02T00:04:13Z", "token_id": "35745427557345507562070639963785505730393476019933255633900999747048809241330", "transaction_hash": "0xcb29dde54f7dde5ace76a2c3dede5ae853fd31ecd4fd065157a7481b046ee9e6"}, {"condition_id": "0x4d6da45502cba72162462a4bf8d404f0a25be59e73c8622cb3c9f4e32602f369", "id": "0x9f84ef3c24a8ba96a1aca43868a31fb3012c1c930eae4ed3d70858d9941ef4a3_0x9a4faca9d9156c2010d9cb4aaa8e7d318a76f9c737da562184807b4cfb58892e", "outcome": "Athletics", "price": 0.5, "proxy_wallet": "0xa804390f80019699ab34a282c0df7528fba82a75", "side": "BUY", "size": 1454.15, "slug": "mlb-lad-oak-2026-07-01-spread-away-1pt5", "timestamp": "2026-07-02T00:03:59Z", "token_id": "35745427557345507562070639963785505730393476019933255633900999747048809241330", "transaction_hash": "0x9f84ef3c24a8ba96a1aca43868a31fb3012c1c930eae4ed3d70858d9941ef4a3"}, {"condition_id": "0xffcc16466bec36ad1a0d27106b53eaf338b4013c40fa6fdf446819e14318141d", "id": "0xf09747b4c56a21ed054a848a56066da970e0531b79c7e5ebc6849dae9351efb4_0x4a33465b253b56d0699e1063398fb964b1d2a92e3cffe62d141cf0bfac0866d5", "outcome": "Milwaukee Brewers", "price": 0.5800000062383297, "proxy_wallet": "0xa804390f80019699ab34a282c0df7528fba82a75", "side": "BUY", "size": 89.767618, "slug": "mlb-cin-mil-2026-07-01", "timestamp": "2026-07-01T22:54:55Z", "token_id": "19711007897046031044579594275312405944771254350980802153302868685653200183646", "transaction_hash": "0xf09747b4c56a21ed054a848a56066da970e0531b79c7e5ebc6849dae9351efb4"}, {"condition_id": "0xffcc16466bec36ad1a0d27106b53eaf338b4013c40fa6fdf446819e14318141d", "id": "0x033cdc30de65d45d4d02d5882f0037d5b287333dcff9cb28b7d3075c15a60e34_0xbd5315980717c5872df33c753f0c25058e53dc4c02d4603dcf64560d619d345d", "outcome": "Milwaukee Brewers", "price": 0.5900000000000001, "proxy_wallet": "0xa804390f80019699ab34a282c0df7528fba82a75", "side": "BUY", "size": 106.52, "slug": "mlb-cin-mil-2026-07-01", "timestamp": "2026-07-01T21:57:55Z", "token_id": "19711007897046031044579594275312405944771254350980802153302868685653200183646", "transaction_hash": "0x033cdc30de65d45d4d02d5882f0037d5b287333dcff9cb28b7d3075c15a60e34"}, {"condition_id": "0xffcc16466bec36ad1a0d27106b53eaf338b4013c40fa6fdf446819e14318141d", "id": "0x033cdc30de65d45d4d02d5882f0037d5b287333dcff9cb28b7d3075c15a60e34_0xb5ad01f73b9b2273e5ad8377790848b735de63234c45c6ac755aa61e9ba6d929", "outcome": "Milwaukee Brewers", "price": 0.59, "proxy_wallet": "0xa804390f80019699ab34a282c0df7528fba82a75", "side": "BUY", "size": 8215.52, "slug": "mlb-cin-mil-2026-07-01", "timestamp": "2026-07-01T21:57:55Z", "token_id": "19711007897046031044579594275312405944771254350980802153302868685653200183646", "transaction_hash": "0x033cdc30de65d45d4d02d5882f0037d5b287333dcff9cb28b7d3075c15a60e34"}, {"condition_id": "0x9fd1dc171c922192e9f1ca0df99f741f72d6aecacd9f8ad766c146f10158b8b0", "id": "0x1191a27ceee4ccb092e862c244c48e115db6352c5fdae9bd413a3352562203c7_0x4ac77c4ad061083ee7f35a87b2b809f16c0047615e021315ad68cd0ad8df4a32", "outcome": "Colorado Rockies", "price": 0.5, "proxy_wallet": "0xa804390f80019699ab34a282c0df7528fba82a75", "side": "BUY", "size": 2285.62, "slug": "mlb-mia-col-2026-07-01-spread-away-1pt5", "timestamp": "2026-07-01T21:55:46Z", "token_id": "63906262158994574162168274401573059149015492076928440165017217317797378305468", "transaction_hash": "0x1191a27ceee4ccb092e862c244c48e115db6352c5fdae9bd413a3352562203c7"}, {"condition_id": "0xc914b1455039d1c6d255982f542c22f6793f576d1c073d465e732992bd72ac04", "id": "0xdbd6555e57c50a9a686fdab4711f20d136a3516f7d6b76e060f5ac60c6854264_0x2773c74e6f3f70f085b6ef47c8b5bc2cec24e9f6c03ef0dfaf19ce32701ff9b7", "outcome": "Tampa Bay Rays", "price": 0.47000000000000003, "proxy_wallet": "0xa804390f80019699ab34a282c0df7528fba82a75", "side": "BUY", "size": 1417.02, "slug": "mlb-tb-kc-2026-07-01-spread-away-1pt5", "timestamp": "2026-07-01T21:06:14Z", "token_id": "7916935183544297975787548667887608955113849414541493386804993372335328042966", "transaction_hash": "0xdbd6555e57c50a9a686fdab4711f20d136a3516f7d6b76e060f5ac60c6854264"}, {"condition_id": "0x9fd1dc171c922192e9f1ca0df99f741f72d6aecacd9f8ad766c146f10158b8b0", "id": "0x4e7a1394b09e6cfc04814249c8e2479a7da551abe9eb0863cf6aac8972011701_0x155d993c077cefafe85a939e66fc3b21123c3458316460c5268015adf4c5c569", "outcome": "Colorado Rockies", "price": 0.5, "proxy_wallet": "0xa804390f80019699ab34a282c0df7528fba82a75", "side": "BUY", "size": 2.2, "slug": "mlb-mia-col-2026-07-01-spread-away-1pt5", "timestamp": "2026-07-01T19:37:29Z", "token_id": "63906262158994574162168274401573059149015492076928440165017217317797378305468", "transaction_hash": "0x4e7a1394b09e6cfc04814249c8e2479a7da551abe9eb0863cf6aac8972011701"}, {"condition_id": "0x9fd1dc171c922192e9f1ca0df99f741f72d6aecacd9f8ad766c146f10158b8b0", "id": "0x345a0f3d7477db9b8e4a2fc445721bd837c5c0022e368030db9185c6cba580df_0x155d993c077cefafe85a939e66fc3b21123c3458316460c5268015adf4c5c569", "outcome": "Colorado Rockies", "price": 0.5, "proxy_wallet": "0xa804390f80019699ab34a282c0df7528fba82a75", "side": "BUY", "size": 4.03, "slug": "mlb-mia-col-2026-07-01-spread-away-1pt5", "timestamp": "2026-07-01T19:32:47Z", "token_id": "63906262158994574162168274401573059149015492076928440165017217317797378305468", "transaction_hash": "0x345a0f3d7477db9b8e4a2fc445721bd837c5c0022e368030db9185c6cba580df"}, {"condition_id": "0x9fd1dc171c922192e9f1ca0df99f741f72d6aecacd9f8ad766c146f10158b8b0", "id": "0x2a4ec9754f5423c8dd426d1f4200f6d71da2129294a96a16ed9587737a7e60ef_0x155d993c077cefafe85a939e66fc3b21123c3458316460c5268015adf4c5c569", "outcome": "Colorado Rockies", "price": 0.5, "proxy_wallet": "0xa804390f80019699ab34a282c0df7528fba82a75", "side": "BUY", "size": 8.06, "slug": "mlb-mia-col-2026-07-01-spread-away-1pt5", "timestamp": "2026-07-01T19:04:14Z", "token_id": "63906262158994574162168274401573059149015492076928440165017217317797378305468", "transaction_hash": "0x2a4ec9754f5423c8dd426d1f4200f6d71da2129294a96a16ed9587737a7e60ef"}, {"condition_id": "0x9fd1dc171c922192e9f1ca0df99f741f72d6aecacd9f8ad766c146f10158b8b0", "id": "0x5be54ff2a725d14341557ea123d7c0f49c42e5e44143c15103d83421d83e705a_0x155d993c077cefafe85a939e66fc3b21123c3458316460c5268015adf4c5c569", "outcome": "Colorado Rockies", "price": 0.5, "proxy_wallet": "0xa804390f80019699ab34a282c0df7528fba82a75", "side": "BUY", "size": 4.03, "slug": "mlb-mia-col-2026-07-01-spread-away-1pt5", "timestamp": "2026-07-01T19:02:26Z", "token_id": "63906262158994574162168274401573059149015492076928440165017217317797378305468", "transaction_hash": "0x5be54ff2a725d14341557ea123d7c0f49c42e5e44143c15103d83421d83e705a"}, {"condition_id": "0x9fd1dc171c922192e9f1ca0df99f741f72d6aecacd9f8ad766c146f10158b8b0", "id": "0x0cecdb6f09031b4661b4cea133143eb3b34cdaaab1b020a9ff4633332af4924e_0x155d993c077cefafe85a939e66fc3b21123c3458316460c5268015adf4c5c569", "outcome": "Colorado Rockies", "price": 0.5, "proxy_wallet": "0xa804390f80019699ab34a282c0df7528fba82a75", "side": "BUY", "size": 9.06, "slug": "mlb-mia-col-2026-07-01-spread-away-1pt5", "timestamp": "2026-07-01T18:59:50Z", "token_id": "63906262158994574162168274401573059149015492076928440165017217317797378305468", "transaction_hash": "0x0cecdb6f09031b4661b4cea133143eb3b34cdaaab1b020a9ff4633332af4924e"}, {"condition_id": "0x9fd1dc171c922192e9f1ca0df99f741f72d6aecacd9f8ad766c146f10158b8b0", "id": "0x7c3380c8ad22d80aebf6f8fe89d0f50fe21046ae7b205ef9f59ffe61cd74beef_0x155d993c077cefafe85a939e66fc3b21123c3458316460c5268015adf4c5c569", "outcome": "Colorado Rockies", "price": 0.5, "proxy_wallet": "0xa804390f80019699ab34a282c0df7528fba82a75", "side": "BUY", "size": 10.07, "slug": "mlb-mia-col-2026-07-01-spread-away-1pt5", "timestamp": "2026-07-01T18:58:46Z", "token_id": "63906262158994574162168274401573059149015492076928440165017217317797378305468", "transaction_hash": "0x7c3380c8ad22d80aebf6f8fe89d0f50fe21046ae7b205ef9f59ffe61cd74beef"}, {"condition_id": "0x9fd1dc171c922192e9f1ca0df99f741f72d6aecacd9f8ad766c146f10158b8b0", "id": "0xafc0c496032d1fbf4758e1c6c17fcc515f313cab785f74efb6054a89f03d6af1_0x155d993c077cefafe85a939e66fc3b21123c3458316460c5268015adf4c5c569", "outcome": "Colorado Rockies", "price": 0.5, "proxy_wallet": "0xa804390f80019699ab34a282c0df7528fba82a75", "side": "BUY", "size": 48.36, "slug": "mlb-mia-col-2026-07-01-spread-away-1pt5", "timestamp": "2026-07-01T18:58:11Z", "token_id": "63906262158994574162168274401573059149015492076928440165017217317797378305468", "transaction_hash": "0xafc0c496032d1fbf4758e1c6c17fcc515f313cab785f74efb6054a89f03d6af1"}, {"condition_id": "0x9fd1dc171c922192e9f1ca0df99f741f72d6aecacd9f8ad766c146f10158b8b0", "id": "0x065eeb8780fbd6c9ad18c7af7a9068905b5624abfaf9bc1a77373888cff3026f_0x155d993c077cefafe85a939e66fc3b21123c3458316460c5268015adf4c5c569", "outcome": "Colorado Rockies", "price": 0.5, "proxy_wallet": "0xa804390f80019699ab34a282c0df7528fba82a75", "side": "BUY", "size": 9.06, "slug": "mlb-mia-col-2026-07-01-spread-away-1pt5", "timestamp": "2026-07-01T18:49:04Z", "token_id": "63906262158994574162168274401573059149015492076928440165017217317797378305468", "transaction_hash": "0x065eeb8780fbd6c9ad18c7af7a9068905b5624abfaf9bc1a77373888cff3026f"}, {"condition_id": "0x9fd1dc171c922192e9f1ca0df99f741f72d6aecacd9f8ad766c146f10158b8b0", "id": "0xdeb73f8cd73f56687e6d63fdabe1f9f80ffeec02ec41673156f78f9e3b1c4ff8_0x155d993c077cefafe85a939e66fc3b21123c3458316460c5268015adf4c5c569", "outcome": "Colorado Rockies", "price": 0.5, "proxy_wallet": "0xa804390f80019699ab34a282c0df7528fba82a75", "side": "BUY", "size": 9.06, "slug": "mlb-mia-col-2026-07-01-spread-away-1pt5", "timestamp": "2026-07-01T18:48:49Z", "token_id": "63906262158994574162168274401573059149015492076928440165017217317797378305468", "transaction_hash": "0xdeb73f8cd73f56687e6d63fdabe1f9f80ffeec02ec41673156f78f9e3b1c4ff8"}, {"condition_id": "0x9fd1dc171c922192e9f1ca0df99f741f72d6aecacd9f8ad766c146f10158b8b0", "id": "0xa11d97492d8af4b9c8a95942b9a61d80dc898d66c58ca382558cbd8685fd34e8_0x155d993c077cefafe85a939e66fc3b21123c3458316460c5268015adf4c5c569", "outcome": "Colorado Rockies", "price": 0.5, "proxy_wallet": "0xa804390f80019699ab34a282c0df7528fba82a75", "side": "BUY", "size": 19.14, "slug": "mlb-mia-col-2026-07-01-spread-away-1pt5", "timestamp": "2026-07-01T18:48:23Z", "token_id": "63906262158994574162168274401573059149015492076928440165017217317797378305468", "transaction_hash": "0xa11d97492d8af4b9c8a95942b9a61d80dc898d66c58ca382558cbd8685fd34e8"}, {"condition_id": "0x9fd1dc171c922192e9f1ca0df99f741f72d6aecacd9f8ad766c146f10158b8b0", "id": "0x84a33a1c3baf6a3d9cd1f6ef16ccceba08fc77c1d490e4e83e5fb84cd9c1ed78_0x155d993c077cefafe85a939e66fc3b21123c3458316460c5268015adf4c5c569", "outcome": "Colorado Rockies", "price": 0.5, "proxy_wallet": "0xa804390f80019699ab34a282c0df7528fba82a75", "side": "BUY", "size": 9.06, "slug": "mlb-mia-col-2026-07-01-spread-away-1pt5", "timestamp": "2026-07-01T18:45:04Z", "token_id": "63906262158994574162168274401573059149015492076928440165017217317797378305468", "transaction_hash": "0x84a33a1c3baf6a3d9cd1f6ef16ccceba08fc77c1d490e4e83e5fb84cd9c1ed78"}, {"condition_id": "0x9fd1dc171c922192e9f1ca0df99f741f72d6aecacd9f8ad766c146f10158b8b0", "id": "0x303042af7a43c9b40a5b6818cb0868a0b321b641ed0868e41dcc022a633682d8_0x155d993c077cefafe85a939e66fc3b21123c3458316460c5268015adf4c5c569", "outcome": "Colorado Rockies", "price": 0.5, "proxy_wallet": "0xa804390f80019699ab34a282c0df7528fba82a75", "side": "BUY", "size": 9.06, "slug": "mlb-mia-col-2026-07-01-spread-away-1pt5", "timestamp": "2026-07-01T18:29:08Z", "token_id": "63906262158994574162168274401573059149015492076928440165017217317797378305468", "transaction_hash": "0x303042af7a43c9b40a5b6818cb0868a0b321b641ed0868e41dcc022a633682d8"}, {"condition_id": "0x9fd1dc171c922192e9f1ca0df99f741f72d6aecacd9f8ad766c146f10158b8b0", "id": "0xe09473bba93aab4b1d14cff6b72857a4a53b9c48068a474f67d65f266c5d5df2_0x155d993c077cefafe85a939e66fc3b21123c3458316460c5268015adf4c5c569", "outcome": "Colorado Rockies", "price": 0.5, "proxy_wallet": "0xa804390f80019699ab34a282c0df7528fba82a75", "side": "BUY", "size": 2.16, "slug": "mlb-mia-col-2026-07-01-spread-away-1pt5", "timestamp": "2026-07-01T18:28:43Z", "token_id": "63906262158994574162168274401573059149015492076928440165017217317797378305468", "transaction_hash": "0xe09473bba93aab4b1d14cff6b72857a4a53b9c48068a474f67d65f266c5d5df2"}, {"condition_id": "0x9fd1dc171c922192e9f1ca0df99f741f72d6aecacd9f8ad766c146f10158b8b0", "id": "0x8d6fbcbf89a493a15ef3cf58103a35403aa267e0a5788b9819a0fb9e4258f85b_0x155d993c077cefafe85a939e66fc3b21123c3458316460c5268015adf4c5c569", "outcome": "Colorado Rockies", "price": 0.5, "proxy_wallet": "0xa804390f80019699ab34a282c0df7528fba82a75", "side": "BUY", "size": 191.26, "slug": "mlb-mia-col-2026-07-01-spread-away-1pt5", "timestamp": "2026-07-01T18:28:37Z", "token_id": "63906262158994574162168274401573059149015492076928440165017217317797378305468", "transaction_hash": "0x8d6fbcbf89a493a15ef3cf58103a35403aa267e0a5788b9819a0fb9e4258f85b"}, {"condition_id": "0xa944601a6e0f66f0404a86cb15ac1bc7043e24068d2269a0626f8cd93817d1d1", "id": "0xc8223f4103b61568cea64320aa77b727a34ef5b4eb58ab63639efcbf65c62651_0x6ab41e6af96ae1a0c0c1113f9a5dc66ff0c89bc991ff5cf6d7f5e3b2394985c8", "outcome": "San Diego Padres", "price": 0.4759999999999999, "proxy_wallet": "0xa804390f80019699ab34a282c0df7528fba82a75", "side": "BUY", "size": 10375.11, "slug": "mlb-sd-chc-2026-07-01", "timestamp": "2026-07-01T18:15:55Z", "token_id": "94590113074536151916866504190578228443250461711207939340570917983991425398176", "transaction_hash": "0xc8223f4103b61568cea64320aa77b727a34ef5b4eb58ab63639efcbf65c62651"}, {"condition_id": "0x405ad8b0b07bc4296631721c78e94677f65e6f2b2ebd1d550b0e25894752fcff", "id": "0x0407d1c6b89c95b67f43cb603ad9b6c3a8732599f62452c3c9e668bbbb11b51b_0xb1fde16bfff38d7b2cf05d556877ea464ca4db014204c63a53af51fd93a737ef", "outcome": "Cleveland Guardians", "price": 0.5299999999999999, "proxy_wallet": "0xa804390f80019699ab34a282c0df7528fba82a75", "side": "BUY", "size": 9291.09, "slug": "mlb-tex-cle-2026-07-01", "timestamp": "2026-07-01T16:05:55Z", "token_id": "86288552152311971878837110424970993696447858867022322166659566304776992899778", "transaction_hash": "0x0407d1c6b89c95b67f43cb603ad9b6c3a8732599f62452c3c9e668bbbb11b51b"}, {"condition_id": "0x405ad8b0b07bc4296631721c78e94677f65e6f2b2ebd1d550b0e25894752fcff", "id": "0x34c4c2e29ce46e7e52a47bc3971a59b8771471bba71964c09358ebaec95f31c6_0xa80f4c06bc461bdb6b2a988fb308d6a9a3d0ce3020a2d718fde3512530946433", "outcome": "Cleveland Guardians", "price": 0.5299999999999999, "proxy_wallet": "0xa804390f80019699ab34a282c0df7528fba82a75", "side": "BUY", "size": 9291.09, "slug": "mlb-tex-cle-2026-07-01", "timestamp": "2026-07-01T16:05:52Z", "token_id": "86288552152311971878837110424970993696447858867022322166659566304776992899778", "transaction_hash": "0x34c4c2e29ce46e7e52a47bc3971a59b8771471bba71964c09358ebaec95f31c6"}, {"condition_id": "0xb75a73ddf94b74666787b3433650fe1d10fd0d42450c81f8accb708e032c3848", "id": "0x73a7f009fa688d02208cd63b71b51d2ab9bd40846ae689c5e9e2dd1958d5e73e_0x8d3c8dd3e4fe1bce6eb90abe0ce768c1943e01b719563e5f42999106673f27c6", "outcome": "Toronto Blue Jays", "price": 0.5, "proxy_wallet": "0xa804390f80019699ab34a282c0df7528fba82a75", "side": "BUY", "size": 1500, "slug": "mlb-nym-tor-2026-07-01", "timestamp": "2026-07-01T15:39:10Z", "token_id": "72325009844090065131144227097220878448334535175585403114106375397028871294620", "transaction_hash": "0x73a7f009fa688d02208cd63b71b51d2ab9bd40846ae689c5e9e2dd1958d5e73e"}], "polled_at": "2026-07-02T01:49:29.209550+00:00"}