{"wallet": "0xdb859a551fcf56e49416160911476bea7307152f", "total_trades_90d": 200, "mlb_trades_count": 27, "mlb_condition_ids": ["0x1a649720ec774bb84276886b76ef8aab12a629653d15913bd1247c4befe8f531", "0x60e76572f233123de8614e3fbedf2c5ace86deb5723ff91f436b6bf4ed2e3023", "0x67c4fbb88c02abe7962f39ca31b15bbda3cd71ed3765d2831dd5dbf00a49340f", "0xa2181add690ca771edb9fe4cc571b8b1488f4461e081e581b9559c7ce37d58be", "0xc0e601a9815524b40fa3040ac41e311beba711fe0b1f35ab0e29d58758418484", "0xcc5ac79e75113d325de33982adb585b9c1a19575186d2570a09f6070cb1f0a72", "0xf27a7b1a177c026da6f85127551ed572f5ca64db4e174b8a816ddb18fe5f8ba9"], "mlb_trade_details": [{"condition_id": "0x67c4fbb88c02abe7962f39ca31b15bbda3cd71ed3765d2831dd5dbf00a49340f", "id": "0x494aa914052df49821a8c3dc8c627af31f11b6887de962aafc94124739a66ed7_0x1e07065d504d6ed24b85e1e7cefe1ad23c4ff55d2f4d15cb43c5a0419dbd33a6", "outcome": "Cleveland Guardians", "price": 0.51, "proxy_wallet": "0xdb859a551fcf56e49416160911476bea7307152f", "side": "BUY", "size": 870, "slug": "mlb-tex-cle-2026-06-30", "timestamp": "2026-07-01T00:00:44Z", "token_id": "19716719283723272369858385647047386252042256702347627428304916233531976508617", "transaction_hash": "0x494aa914052df49821a8c3dc8c627af31f11b6887de962aafc94124739a66ed7"}, {"condition_id": "0x67c4fbb88c02abe7962f39ca31b15bbda3cd71ed3765d2831dd5dbf00a49340f", "id": "0xe5bb29a87a450ac0b7d41056dd865bab4bbfecb47adad2220740142dad1c82aa_0x1e07065d504d6ed24b85e1e7cefe1ad23c4ff55d2f4d15cb43c5a0419dbd33a6", "outcome": "Cleveland Guardians", "price": 0.5100001507693004, "proxy_wallet": "0xdb859a551fcf56e49416160911476bea7307152f", "side": "BUY", "size": 2.65306, "slug": "mlb-tex-cle-2026-06-30", "timestamp": "2026-07-01T00:00:43Z", "token_id": "19716719283723272369858385647047386252042256702347627428304916233531976508617", "transaction_hash": "0xe5bb29a87a450ac0b7d41056dd865bab4bbfecb47adad2220740142dad1c82aa"}, {"condition_id": "0x67c4fbb88c02abe7962f39ca31b15bbda3cd71ed3765d2831dd5dbf00a49340f", "id": "0x4169253df0b3adddbce064d03e8e72b470e9bbf7d4102c4907802fd661f83646_0x1e07065d504d6ed24b85e1e7cefe1ad23c4ff55d2f4d15cb43c5a0419dbd33a6", "outcome": "Cleveland Guardians", "price": 0.5100000042000001, "proxy_wallet": "0xdb859a551fcf56e49416160911476bea7307152f", "side": "BUY", "size": 71.42857, "slug": "mlb-tex-cle-2026-06-30", "timestamp": "2026-07-01T00:00:41Z", "token_id": "19716719283723272369858385647047386252042256702347627428304916233531976508617", "transaction_hash": "0x4169253df0b3adddbce064d03e8e72b470e9bbf7d4102c4907802fd661f83646"}, {"condition_id": "0x67c4fbb88c02abe7962f39ca31b15bbda3cd71ed3765d2831dd5dbf00a49340f", "id": "0x6876fce08ff350b84c039567b88bf79ee0628611a22c9b2a50fede9a24c921c3_0x1e07065d504d6ed24b85e1e7cefe1ad23c4ff55d2f4d15cb43c5a0419dbd33a6", "outcome": "Cleveland Guardians", "price": 0.5100000465500188, "proxy_wallet": "0xdb859a551fcf56e49416160911476bea7307152f", "side": "BUY", "size": 4.081631, "slug": "mlb-tex-cle-2026-06-30", "timestamp": "2026-07-01T00:00:40Z", "token_id": "19716719283723272369858385647047386252042256702347627428304916233531976508617", "transaction_hash": "0x6876fce08ff350b84c039567b88bf79ee0628611a22c9b2a50fede9a24c921c3"}, {"condition_id": "0x67c4fbb88c02abe7962f39ca31b15bbda3cd71ed3765d2831dd5dbf00a49340f", "id": "0xcef22dd46d9c7a5843b0352e62e4320531e50bb25ec987a7f9ea309675bd440f_0x1e07065d504d6ed24b85e1e7cefe1ad23c4ff55d2f4d15cb43c5a0419dbd33a6", "outcome": "Cleveland Guardians", "price": 0.5100000096078492, "proxy_wallet": "0xdb859a551fcf56e49416160911476bea7307152f", "side": "BUY", "size": 3.122447, "slug": "mlb-tex-cle-2026-06-30", "timestamp": "2026-07-01T00:00:40Z", "token_id": "19716719283723272369858385647047386252042256702347627428304916233531976508617", "transaction_hash": "0xcef22dd46d9c7a5843b0352e62e4320531e50bb25ec987a7f9ea309675bd440f"}, {"condition_id": "0x67c4fbb88c02abe7962f39ca31b15bbda3cd71ed3765d2831dd5dbf00a49340f", "id": "0xfc91bcde83e3976179b3b150532b735537f1b1a63b76992bffeb43fe7de6e350_0x1e07065d504d6ed24b85e1e7cefe1ad23c4ff55d2f4d15cb43c5a0419dbd33a6", "outcome": "Cleveland Guardians", "price": 0.51, "proxy_wallet": "0xdb859a551fcf56e49416160911476bea7307152f", "side": "BUY", "size": 6, "slug": "mlb-tex-cle-2026-06-30", "timestamp": "2026-07-01T00:00:40Z", "token_id": "19716719283723272369858385647047386252042256702347627428304916233531976508617", "transaction_hash": "0xfc91bcde83e3976179b3b150532b735537f1b1a63b76992bffeb43fe7de6e350"}, {"condition_id": "0x67c4fbb88c02abe7962f39ca31b15bbda3cd71ed3765d2831dd5dbf00a49340f", "id": "0xcf7db4bff87fc65c4ab7f3ae2e7c7ba53d938542d0f8660184facaa48341ea72_0x1e07065d504d6ed24b85e1e7cefe1ad23c4ff55d2f4d15cb43c5a0419dbd33a6", "outcome": "Cleveland Guardians", "price": 0.51, "proxy_wallet": "0xdb859a551fcf56e49416160911476bea7307152f", "side": "BUY", "size": 2750, "slug": "mlb-tex-cle-2026-06-30", "timestamp": "2026-07-01T00:00:40Z", "token_id": "19716719283723272369858385647047386252042256702347627428304916233531976508617", "transaction_hash": "0xcf7db4bff87fc65c4ab7f3ae2e7c7ba53d938542d0f8660184facaa48341ea72"}, {"condition_id": "0x67c4fbb88c02abe7962f39ca31b15bbda3cd71ed3765d2831dd5dbf00a49340f", "id": "0xd34c57485d2d71688d3656f4fd7412a71e74095efe943dce8cdb7a97b02d6de2_0x1e07065d504d6ed24b85e1e7cefe1ad23c4ff55d2f4d15cb43c5a0419dbd33a6", "outcome": "Cleveland Guardians", "price": 0.5100000168688533, "proxy_wallet": "0xdb859a551fcf56e49416160911476bea7307152f", "side": "BUY", "size": 24.897958, "slug": "mlb-tex-cle-2026-06-30", "timestamp": "2026-07-01T00:00:38Z", "token_id": "19716719283723272369858385647047386252042256702347627428304916233531976508617", "transaction_hash": "0xd34c57485d2d71688d3656f4fd7412a71e74095efe943dce8cdb7a97b02d6de2"}, {"condition_id": "0x67c4fbb88c02abe7962f39ca31b15bbda3cd71ed3765d2831dd5dbf00a49340f", "id": "0x60d8666d5aee5bf3c1c3b13da47adab103106e39668ddd6449954958fbc90170_0x1e07065d504d6ed24b85e1e7cefe1ad23c4ff55d2f4d15cb43c5a0419dbd33a6", "outcome": "Cleveland Guardians", "price": 0.51, "proxy_wallet": "0xdb859a551fcf56e49416160911476bea7307152f", "side": "BUY", "size": 28.41, "slug": "mlb-tex-cle-2026-06-30", "timestamp": "2026-07-01T00:00:38Z", "token_id": "19716719283723272369858385647047386252042256702347627428304916233531976508617", "transaction_hash": "0x60d8666d5aee5bf3c1c3b13da47adab103106e39668ddd6449954958fbc90170"}, {"condition_id": "0x67c4fbb88c02abe7962f39ca31b15bbda3cd71ed3765d2831dd5dbf00a49340f", "id": "0xc165b81c09de6978c9d0f9dfe5d64e1300a5d452dcf73762871df5399bf04676_0x1e07065d504d6ed24b85e1e7cefe1ad23c4ff55d2f4d15cb43c5a0419dbd33a6", "outcome": "Cleveland Guardians", "price": 0.51, "proxy_wallet": "0xdb859a551fcf56e49416160911476bea7307152f", "side": "BUY", "size": 53, "slug": "mlb-tex-cle-2026-06-30", "timestamp": "2026-07-01T00:00:38Z", "token_id": "19716719283723272369858385647047386252042256702347627428304916233531976508617", "transaction_hash": "0xc165b81c09de6978c9d0f9dfe5d64e1300a5d452dcf73762871df5399bf04676"}, {"condition_id": "0x67c4fbb88c02abe7962f39ca31b15bbda3cd71ed3765d2831dd5dbf00a49340f", "id": "0x24bce097d550c1844f76467d2b8782d0e57e215b4c3e8f39df5ce5286b295661_0x1e07065d504d6ed24b85e1e7cefe1ad23c4ff55d2f4d15cb43c5a0419dbd33a6", "outcome": "Cleveland Guardians", "price": 0.51, "proxy_wallet": "0xdb859a551fcf56e49416160911476bea7307152f", "side": "BUY", "size": 2750, "slug": "mlb-tex-cle-2026-06-30", "timestamp": "2026-07-01T00:00:37Z", "token_id": "19716719283723272369858385647047386252042256702347627428304916233531976508617", "transaction_hash": "0x24bce097d550c1844f76467d2b8782d0e57e215b4c3e8f39df5ce5286b295661"}, {"condition_id": "0x67c4fbb88c02abe7962f39ca31b15bbda3cd71ed3765d2831dd5dbf00a49340f", "id": "0x55611696c0330bb7a6be5d75a9de769500fa1bf207bdee30881c38525759445c_0x1e07065d504d6ed24b85e1e7cefe1ad23c4ff55d2f4d15cb43c5a0419dbd33a6", "outcome": "Cleveland Guardians", "price": 0.5100000465500188, "proxy_wallet": "0xdb859a551fcf56e49416160911476bea7307152f", "side": "BUY", "size": 4.081631, "slug": "mlb-tex-cle-2026-06-30", "timestamp": "2026-07-01T00:00:37Z", "token_id": "19716719283723272369858385647047386252042256702347627428304916233531976508617", "transaction_hash": "0x55611696c0330bb7a6be5d75a9de769500fa1bf207bdee30881c38525759445c"}, {"condition_id": "0x67c4fbb88c02abe7962f39ca31b15bbda3cd71ed3765d2831dd5dbf00a49340f", "id": "0x4c06dc88eb5ee45011ce6cebd658e1e2a1ec75b4d1c3028086e8d10c7f6d5bc6_0x1e07065d504d6ed24b85e1e7cefe1ad23c4ff55d2f4d15cb43c5a0419dbd33a6", "outcome": "Cleveland Guardians", "price": 0.51, "proxy_wallet": "0xdb859a551fcf56e49416160911476bea7307152f", "side": "BUY", "size": 10, "slug": "mlb-tex-cle-2026-06-30", "timestamp": "2026-07-01T00:00:37Z", "token_id": "19716719283723272369858385647047386252042256702347627428304916233531976508617", "transaction_hash": "0x4c06dc88eb5ee45011ce6cebd658e1e2a1ec75b4d1c3028086e8d10c7f6d5bc6"}, {"condition_id": "0x67c4fbb88c02abe7962f39ca31b15bbda3cd71ed3765d2831dd5dbf00a49340f", "id": "0x37be881ba9176493b674cd304f28b44140bf89bfda676a19fac634b69dddb831_0x1e07065d504d6ed24b85e1e7cefe1ad23c4ff55d2f4d15cb43c5a0419dbd33a6", "outcome": "Cleveland Guardians", "price": 0.5100000465500188, "proxy_wallet": "0xdb859a551fcf56e49416160911476bea7307152f", "side": "BUY", "size": 4.081631, "slug": "mlb-tex-cle-2026-06-30", "timestamp": "2026-07-01T00:00:37Z", "token_id": "19716719283723272369858385647047386252042256702347627428304916233531976508617", "transaction_hash": "0x37be881ba9176493b674cd304f28b44140bf89bfda676a19fac634b69dddb831"}, {"condition_id": "0x67c4fbb88c02abe7962f39ca31b15bbda3cd71ed3765d2831dd5dbf00a49340f", "id": "0x08010321013089d28c5d946eb2a8eea84fa45a8859dca4855b781d6a6414bf3e_0x1e07065d504d6ed24b85e1e7cefe1ad23c4ff55d2f4d15cb43c5a0419dbd33a6", "outcome": "Cleveland Guardians", "price": 0.5100000465500188, "proxy_wallet": "0xdb859a551fcf56e49416160911476bea7307152f", "side": "BUY", "size": 4.081631, "slug": "mlb-tex-cle-2026-06-30", "timestamp": "2026-07-01T00:00:35Z", "token_id": "19716719283723272369858385647047386252042256702347627428304916233531976508617", "transaction_hash": "0x08010321013089d28c5d946eb2a8eea84fa45a8859dca4855b781d6a6414bf3e"}, {"condition_id": "0x67c4fbb88c02abe7962f39ca31b15bbda3cd71ed3765d2831dd5dbf00a49340f", "id": "0x334e9cc85bb11893cf36d1fa22cab6e319500eb5a213428931cb22d27e073ba6_0x1e07065d504d6ed24b85e1e7cefe1ad23c4ff55d2f4d15cb43c5a0419dbd33a6", "outcome": "Cleveland Guardians", "price": 0.51, "proxy_wallet": "0xdb859a551fcf56e49416160911476bea7307152f", "side": "BUY", "size": 639, "slug": "mlb-tex-cle-2026-06-30", "timestamp": "2026-07-01T00:00:35Z", "token_id": "19716719283723272369858385647047386252042256702347627428304916233531976508617", "transaction_hash": "0x334e9cc85bb11893cf36d1fa22cab6e319500eb5a213428931cb22d27e073ba6"}, {"condition_id": "0x67c4fbb88c02abe7962f39ca31b15bbda3cd71ed3765d2831dd5dbf00a49340f", "id": "0xd0e3cddf3ffd4ee1d8d9cb2e39f13c484f7929ff39dfd77152015aabdcb10818_0x1e07065d504d6ed24b85e1e7cefe1ad23c4ff55d2f4d15cb43c5a0419dbd33a6", "outcome": "Cleveland Guardians", "price": 0.51, "proxy_wallet": "0xdb859a551fcf56e49416160911476bea7307152f", "side": "BUY", "size": 2650, "slug": "mlb-tex-cle-2026-06-30", "timestamp": "2026-07-01T00:00:35Z", "token_id": "19716719283723272369858385647047386252042256702347627428304916233531976508617", "transaction_hash": "0xd0e3cddf3ffd4ee1d8d9cb2e39f13c484f7929ff39dfd77152015aabdcb10818"}, {"condition_id": "0x67c4fbb88c02abe7962f39ca31b15bbda3cd71ed3765d2831dd5dbf00a49340f", "id": "0xce0be3268cdbb692398050c0412185e9f502d41ac7c641571c08a384770a2baf_0x1e07065d504d6ed24b85e1e7cefe1ad23c4ff55d2f4d15cb43c5a0419dbd33a6", "outcome": "Cleveland Guardians", "price": 0.51, "proxy_wallet": "0xdb859a551fcf56e49416160911476bea7307152f", "side": "BUY", "size": 45, "slug": "mlb-tex-cle-2026-06-30", "timestamp": "2026-07-01T00:00:35Z", "token_id": "19716719283723272369858385647047386252042256702347627428304916233531976508617", "transaction_hash": "0xce0be3268cdbb692398050c0412185e9f502d41ac7c641571c08a384770a2baf"}, {"condition_id": "0x67c4fbb88c02abe7962f39ca31b15bbda3cd71ed3765d2831dd5dbf00a49340f", "id": "0x65b5b8f054173564e6372ab2b87f2bddf8571fbde15af5ad82443e173c21d435_0x1e07065d504d6ed24b85e1e7cefe1ad23c4ff55d2f4d15cb43c5a0419dbd33a6", "outcome": "Cleveland Guardians", "price": 0.5100000007548139, "proxy_wallet": "0xdb859a551fcf56e49416160911476bea7307152f", "side": "BUY", "size": 79.489794, "slug": "mlb-tex-cle-2026-06-30", "timestamp": "2026-07-01T00:00:35Z", "token_id": "19716719283723272369858385647047386252042256702347627428304916233531976508617", "transaction_hash": "0x65b5b8f054173564e6372ab2b87f2bddf8571fbde15af5ad82443e173c21d435"}, {"condition_id": "0x67c4fbb88c02abe7962f39ca31b15bbda3cd71ed3765d2831dd5dbf00a49340f", "id": "0x35332d8fa77645da88eaecd84b6afef5552f41a81e2e4efd10c17f6d14fd0b47_0x3efa7b8404209bd966239d7a0ce076d56576afeeac5660662d3f9c8326f93725", "outcome": "Cleveland Guardians", "price": 0.5, "proxy_wallet": "0xdb859a551fcf56e49416160911476bea7307152f", "side": "BUY", "size": 176, "slug": "mlb-tex-cle-2026-06-30", "timestamp": "2026-06-30T23:47:35Z", "token_id": "19716719283723272369858385647047386252042256702347627428304916233531976508617", "transaction_hash": "0x35332d8fa77645da88eaecd84b6afef5552f41a81e2e4efd10c17f6d14fd0b47"}, {"condition_id": "0x67c4fbb88c02abe7962f39ca31b15bbda3cd71ed3765d2831dd5dbf00a49340f", "id": "0x48edf34a9149d08e6937bf0f71c681bddb24135f0d3841bb51ef18ebe44da945_0x3efa7b8404209bd966239d7a0ce076d56576afeeac5660662d3f9c8326f93725", "outcome": "Cleveland Guardians", "price": 0.5, "proxy_wallet": "0xdb859a551fcf56e49416160911476bea7307152f", "side": "BUY", "size": 265, "slug": "mlb-tex-cle-2026-06-30", "timestamp": "2026-06-30T23:47:34Z", "token_id": "19716719283723272369858385647047386252042256702347627428304916233531976508617", "transaction_hash": "0x48edf34a9149d08e6937bf0f71c681bddb24135f0d3841bb51ef18ebe44da945"}, {"condition_id": "0x1a649720ec774bb84276886b76ef8aab12a629653d15913bd1247c4befe8f531", "id": "0x9ecf2f93dc9a326d85da8e5e105c86bb5d451d7fa8c0e66396fef4621cf1b126_0x2cad910c645deea31aab36b390dace2461bcc482d72e8c54dfaf9f596c24d1ad", "outcome": "New York Yankees", "price": 0.5599999999798401, "proxy_wallet": "0xdb859a551fcf56e49416160911476bea7307152f", "side": "BUY", "size": 17857.142856, "slug": "mlb-det-nyy-2026-06-29", "timestamp": "2026-06-29T21:37:37Z", "token_id": "105858989610909024377967863943243307571789182442287712115681957961919182009074", "transaction_hash": "0x9ecf2f93dc9a326d85da8e5e105c86bb5d451d7fa8c0e66396fef4621cf1b126"}, {"condition_id": "0xcc5ac79e75113d325de33982adb585b9c1a19575186d2570a09f6070cb1f0a72", "id": "0x9fc91683cab1e80d0788c5e069b05f61bfba70d286244a02928e64174b31adbb_0xe662012ac446262c7de8d93d44f0fcd04a646a557affb1894862c22ca8867029", "outcome": "Milwaukee Brewers", "price": 0.5599999999798401, "proxy_wallet": "0xdb859a551fcf56e49416160911476bea7307152f", "side": "BUY", "size": 17857.142856, "slug": "mlb-cin-mil-2026-06-29", "timestamp": "2026-06-29T21:37:07Z", "token_id": "39242917643787810980599583061486174245331727158176233438370776497969634047497", "transaction_hash": "0x9fc91683cab1e80d0788c5e069b05f61bfba70d286244a02928e64174b31adbb"}, {"condition_id": "0x60e76572f233123de8614e3fbedf2c5ace86deb5723ff91f436b6bf4ed2e3023", "id": "0xac19010b7496687e9e0d76ce77b337ea2c20979fb729608421631ea8076db251_0x8a5432df22e357f578d4372342b427c821a677f33a0c9484a3d4b5cc392a71e3", "outcome": "San Diego Padres", "price": 0.47999999998079995, "proxy_wallet": "0xdb859a551fcf56e49416160911476bea7307152f", "side": "BUY", "size": 10416.666665, "slug": "mlb-lad-sd-2026-06-27-spread-away-1pt5", "timestamp": "2026-06-28T00:24:22Z", "token_id": "69337048407433435747644393475840334739598224027581046074451446520484549751943", "transaction_hash": "0xac19010b7496687e9e0d76ce77b337ea2c20979fb729608421631ea8076db251"}, {"condition_id": "0xa2181add690ca771edb9fe4cc571b8b1488f4461e081e581b9559c7ce37d58be", "id": "0xcacf3fa4c2f7516a58fe895ee7bcb2d580599a6029ab47d17ab7dd50360693a3_0xc68b0b4fb91fcb5473b5eeff59219f40eedb41d5b7e63cabb4b8cb74ebe3200b", "outcome": "Milwaukee Brewers", "price": 0.41999999997815995, "proxy_wallet": "0xdb859a551fcf56e49416160911476bea7307152f", "side": "BUY", "size": 11904.761903, "slug": "mlb-chc-mil-2026-06-27-spread-home-1pt5", "timestamp": "2026-06-27T20:57:47Z", "token_id": "14996177181507605953595133424136870602110981525930698540634542808640744010696", "transaction_hash": "0xcacf3fa4c2f7516a58fe895ee7bcb2d580599a6029ab47d17ab7dd50360693a3"}, {"condition_id": "0xc0e601a9815524b40fa3040ac41e311beba711fe0b1f35ab0e29d58758418484", "id": "0x456649710a60f6e45d0fe20f9e6bbbf1391f46099cee2eace6c84b860a238ce8_0x5b32af0b194e593a6b5c1552eb4d7c90a7d98f3a391d48ca6257997fadee9b04", "outcome": "Under", "price": 0.4699953000112793, "proxy_wallet": "0xdb859a551fcf56e49416160911476bea7307152f", "side": "BUY", "size": 10638.404254, "slug": "mlb-phi-nym-2026-06-27-total-8pt5", "timestamp": "2026-06-27T20:55:04Z", "token_id": "54368673915567853468520909964009409013042258398056865575004473180223886434919", "transaction_hash": "0x456649710a60f6e45d0fe20f9e6bbbf1391f46099cee2eace6c84b860a238ce8"}, {"condition_id": "0xf27a7b1a177c026da6f85127551ed572f5ca64db4e174b8a816ddb18fe5f8ba9", "id": "0x8d243f8f9390532e2cbdd75370ca3d0fa8c67d7a734d23214578871b3000411b_0x7cb2adbd0ef8487c6689408b749110f72826fb74d759e1ff0bc77e56efd089f9", "outcome": "Milwaukee Brewers", "price": 0.52, "proxy_wallet": "0xdb859a551fcf56e49416160911476bea7307152f", "side": "BUY", "size": 10000, "slug": "mlb-chc-mil-2026-06-26-spread-home-1pt5", "timestamp": "2026-06-26T21:58:59Z", "token_id": "59042803824416936330301583750946904626154923864469502933020355308474977779178", "transaction_hash": "0x8d243f8f9390532e2cbdd75370ca3d0fa8c67d7a734d23214578871b3000411b"}], "polled_at": "2026-07-02T01:50:18.334712+00:00"}