{"wallet": "0xc3656b313a7294600286ee3832ec2d6dc8e42e53", "total_trades_90d": 200, "mlb_trades_count": 50, "mlb_condition_ids": ["0x036b0c654502bb269410e8353735575a9203fc24acb8a321b6945c9d7ef7f25f", "0x04c736342b639e05fc4eb5512a7b46fec794e79c93a6c06b89e866fe70d15003", "0x293aa18bd50ec49cefc2a185332b7ab53765ac0eee8aed6b755d082a06bd5d49", "0x3e47e9ab777735fd1dae04df35e34536c38cbd4a01f173eb1acee0ce88b80c13", "0x4d6da45502cba72162462a4bf8d404f0a25be59e73c8622cb3c9f4e32602f369", "0x503cc08c1fcff5bcca91d07c143e87b3bddd68566445851e93db965e6a1a122d", "0x7064b4bf253860b051624b34e4b58db0a05e63b08248c7f337407ea1ddcf58ae", "0x71e6567ee6be17a25d2da8a71d231b7b4da6fec9685826c04d9818c501045cc8", "0x777a541c11b5bcad29527554face8fae16c9bd81d3db9ecfc15b8aa565f00b22", "0x8a63ea42207833e1268a206ec522fc21fea1851398081b2aa33785efdb3aa8e2", "0x92d1554c56357d9c2a8e6c64f85258c07e78b75bb1adb3147d037a9ab8a479d5", "0x9393dfde27f17a0ff4feb8e0b2ec374b823be80363257525262154d8b498c50b", "0x9fd1dc171c922192e9f1ca0df99f741f72d6aecacd9f8ad766c146f10158b8b0", "0xb77495036d0321e86d52d33302315ae73b95f1e51ae9863ccb21b80038e6ac93", "0xc914b1455039d1c6d255982f542c22f6793f576d1c073d465e732992bd72ac04", "0xcc3f41af4b7ef6c7b399c1666801913d6b129594b261c84c1d1a838f4f76242a", "0xd737f5e4f27ef59cb59d887a12d02c61b32885f158abdbd3f494c0287e69685a", "0xde91829d83f609bb3b3e45054846a09ef041c24861e2cd31e8d84a9a660fb6e6", "0xf44e5f729fb3648e7c5f55a813a977d8ca3eb2c4cd346ba37947d12edb87cef1", "0xffcc16466bec36ad1a0d27106b53eaf338b4013c40fa6fdf446819e14318141d"], "mlb_trade_details": [{"condition_id": "0x293aa18bd50ec49cefc2a185332b7ab53765ac0eee8aed6b755d082a06bd5d49", "id": "0x8516d6a393e030c7bf6a0839354f407054f12684720ca1678f564bdcd60a9cd4_0xec73a169d6f7483d50df0f01b33c472b48fac5d96997306e3c50f94c6beb2420", "outcome": "San Francisco Giants", "price": 0.42000000000000004, "proxy_wallet": "0xc3656b313a7294600286ee3832ec2d6dc8e42e53", "side": "BUY", "size": 177, "slug": "mlb-sf-ari-2026-07-01", "timestamp": "2026-07-02T01:49:05Z", "token_id": "39249821927387075636556954380432460999615194602535112669416536458946634880636", "transaction_hash": "0x8516d6a393e030c7bf6a0839354f407054f12684720ca1678f564bdcd60a9cd4"}, {"condition_id": "0xcc3f41af4b7ef6c7b399c1666801913d6b129594b261c84c1d1a838f4f76242a", "id": "0xb578de2fda211809b918243b0f10f19b5f43378a89bcaf22c46ffd475291600a_0xc05ddb8c3186a114f6c97639efc4d69a15fb8f6273ead0d681970844743a58df", "outcome": "Athletics", "price": 0.39011800365280247, "proxy_wallet": "0xc3656b313a7294600286ee3832ec2d6dc8e42e53", "side": "BUY", "size": 1544.02, "slug": "mlb-lad-oak-2026-07-01", "timestamp": "2026-07-02T01:48:38Z", "token_id": "63301511544385839492348152876995091313680901609143343836346414761303245710252", "transaction_hash": "0xb578de2fda211809b918243b0f10f19b5f43378a89bcaf22c46ffd475291600a"}, {"condition_id": "0xd737f5e4f27ef59cb59d887a12d02c61b32885f158abdbd3f494c0287e69685a", "id": "0x1eb51f2125995c4998c757b102c288e4c41fcd456159379eddb8881e0a0bb873_0x7bdf610c26a9da8f7a2c0898e7de9a4e9f05e95c2d02c3a0fcc974a5554f28fe", "outcome": "Under", "price": 0.5700000000000001, "proxy_wallet": "0xc3656b313a7294600286ee3832ec2d6dc8e42e53", "side": "BUY", "size": 10, "slug": "mlb-lad-oak-2026-07-01-total-11pt5", "timestamp": "2026-07-02T01:48:37Z", "token_id": "66042525641546169376608709005710201652758481049663965982364604624247877664697", "transaction_hash": "0x1eb51f2125995c4998c757b102c288e4c41fcd456159379eddb8881e0a0bb873"}, {"condition_id": "0x4d6da45502cba72162462a4bf8d404f0a25be59e73c8622cb3c9f4e32602f369", "id": "0x19c01d335f1dae9ddb1de7dc122c87346bd43644b07f059aecddd867a340549f_0x845c69017da9ce1d7d352f3b47ea3c3d333c54280e00e8e89514cfa6f6dbb111", "outcome": "Athletics", "price": 0.49125303460847103, "proxy_wallet": "0xc3656b313a7294600286ee3832ec2d6dc8e42e53", "side": "BUY", "size": 62.004704, "slug": "mlb-lad-oak-2026-07-01-spread-away-1pt5", "timestamp": "2026-07-02T01:48:37Z", "token_id": "35745427557345507562070639963785505730393476019933255633900999747048809241330", "transaction_hash": "0x19c01d335f1dae9ddb1de7dc122c87346bd43644b07f059aecddd867a340549f"}, {"condition_id": "0x71e6567ee6be17a25d2da8a71d231b7b4da6fec9685826c04d9818c501045cc8", "id": "0x23adc005a9ce721c39ed22d95fe84a2005d214b7b3241b1581964548db3ea25c_0xd32d08684be79dcdc7ff2de0be398aeed04cbc2c9a567ae397c81e12fd351cdf", "outcome": "Over", "price": 0.4, "proxy_wallet": "0xc3656b313a7294600286ee3832ec2d6dc8e42e53", "side": "BUY", "size": 5, "slug": "mlb-mia-col-2026-07-01-total-10pt5", "timestamp": "2026-07-02T01:48:19Z", "token_id": "81704371654013962415466439645036489076399358185691009735986358341555137658833", "transaction_hash": "0x23adc005a9ce721c39ed22d95fe84a2005d214b7b3241b1581964548db3ea25c"}, {"condition_id": "0x7064b4bf253860b051624b34e4b58db0a05e63b08248c7f337407ea1ddcf58ae", "id": "0x84c3034e518fda31f2f1d175c902ebbbd233ae505ced5f4a113bd4949bd7b94b_0xa61cf4a47f47223b864b198c91d5580e3079ffe479fdc85a289110648e829a67", "outcome": "Over", "price": 0.52, "proxy_wallet": "0xc3656b313a7294600286ee3832ec2d6dc8e42e53", "side": "BUY", "size": 170, "slug": "mlb-cin-mil-2026-07-01-total-8pt5", "timestamp": "2026-07-02T01:47:59Z", "token_id": "64660158601874874021371603805733130336920359332833679116849517591518391938501", "transaction_hash": "0x84c3034e518fda31f2f1d175c902ebbbd233ae505ced5f4a113bd4949bd7b94b"}, {"condition_id": "0xf44e5f729fb3648e7c5f55a813a977d8ca3eb2c4cd346ba37947d12edb87cef1", "id": "0x99033607c821a22ebf4fa78a3cb03985a401159ac4075a8c11ca804133f8d0da_0x22ba79c0e0b00906a1b88fed43a206d8e024fb72a6e427c7798424c10ab43f7c", "outcome": "Over", "price": 0.36615384615384616, "proxy_wallet": "0xc3656b313a7294600286ee3832ec2d6dc8e42e53", "side": "BUY", "size": 26, "slug": "mlb-cin-mil-2026-07-01-total-9pt5", "timestamp": "2026-07-02T01:47:58Z", "token_id": "85990694967850015405671434466047700741524177491437704841110849833943487713058", "transaction_hash": "0x99033607c821a22ebf4fa78a3cb03985a401159ac4075a8c11ca804133f8d0da"}, {"condition_id": "0x9fd1dc171c922192e9f1ca0df99f741f72d6aecacd9f8ad766c146f10158b8b0", "id": "0x763be530b7a620c8666a73c28d227b1c52ecf67001bdca4e93cc6eff3fa620c9_0xee767c1e724bec7df15602b6543dd400c4d8c8658c8f814d68b9542826f9bd19", "outcome": "Miami Marlins", "price": 0.5044444444444445, "proxy_wallet": "0xc3656b313a7294600286ee3832ec2d6dc8e42e53", "side": "BUY", "size": 9, "slug": "mlb-mia-col-2026-07-01-spread-away-1pt5", "timestamp": "2026-07-02T01:47:44Z", "token_id": "1030326759213566879833789443578230929908870427788513665960650712694228479769", "transaction_hash": "0x763be530b7a620c8666a73c28d227b1c52ecf67001bdca4e93cc6eff3fa620c9"}, {"condition_id": "0x503cc08c1fcff5bcca91d07c143e87b3bddd68566445851e93db965e6a1a122d", "id": "0x41afef9d10b88f8cb33689b0d69c2337797457883b4a6e8bfb11a7febe5d3be8_0x08b1a732356439f1e45bc12ff0eed0a2da0ed8d4d205c879f4e9bce3eeeb8e4c", "outcome": "Colorado Rockies", "price": 0.34, "proxy_wallet": "0xc3656b313a7294600286ee3832ec2d6dc8e42e53", "side": "BUY", "size": 47, "slug": "mlb-mia-col-2026-07-01", "timestamp": "2026-07-02T01:46:37Z", "token_id": "77275020519117476392252162482053003018718756533700410205853872084141713559998", "transaction_hash": "0x41afef9d10b88f8cb33689b0d69c2337797457883b4a6e8bfb11a7febe5d3be8"}, {"condition_id": "0x503cc08c1fcff5bcca91d07c143e87b3bddd68566445851e93db965e6a1a122d", "id": "0xb11144de89b4eb4bb96db76b92bf7d01a48ad444d671e0d56ba837a5abb94073_0x514fba46fb25c0557b66b530cf037ad136ebd0f683f194405349a35b8846419b", "outcome": "Colorado Rockies", "price": 0.3279166666666667, "proxy_wallet": "0xc3656b313a7294600286ee3832ec2d6dc8e42e53", "side": "BUY", "size": 48, "slug": "mlb-mia-col-2026-07-01", "timestamp": "2026-07-02T01:46:34Z", "token_id": "77275020519117476392252162482053003018718756533700410205853872084141713559998", "transaction_hash": "0xb11144de89b4eb4bb96db76b92bf7d01a48ad444d671e0d56ba837a5abb94073"}, {"condition_id": "0xffcc16466bec36ad1a0d27106b53eaf338b4013c40fa6fdf446819e14318141d", "id": "0x7b02748f1c8fb6d7a5ede78cb6d707751c4ca5732a5d20d6f2fb5f2f43a98472_0x948e98a19187ad1bd49f7c68759f9ca509d8e988ff6561ee0fa6f49088ad65c2", "outcome": "Cincinnati Reds", "price": 0.44, "proxy_wallet": "0xc3656b313a7294600286ee3832ec2d6dc8e42e53", "side": "BUY", "size": 9, "slug": "mlb-cin-mil-2026-07-01", "timestamp": "2026-07-02T01:46:08Z", "token_id": "113358608150512001269864923288418646714914260349596543233339365306930097854218", "transaction_hash": "0x7b02748f1c8fb6d7a5ede78cb6d707751c4ca5732a5d20d6f2fb5f2f43a98472"}, {"condition_id": "0x04c736342b639e05fc4eb5512a7b46fec794e79c93a6c06b89e866fe70d15003", "id": "0x988567cb99f0eb74fa471321355c4c6660a1fcd13172c605b2b7664b5d933e60_0x70008265c6a47841c0482a1757574dcf455a9c194f76923b99763b58a538ac49", "outcome": "Philadelphia Phillies", "price": 0.9137127401166338, "proxy_wallet": "0xc3656b313a7294600286ee3832ec2d6dc8e42e53", "side": "BUY", "size": 65.020433, "slug": "mlb-pit-phi-2026-07-01", "timestamp": "2026-07-02T01:41:16Z", "token_id": "43437286804327642558294165368901345641980025690619789279608914488234283546155", "transaction_hash": "0x988567cb99f0eb74fa471321355c4c6660a1fcd13172c605b2b7664b5d933e60"}, {"condition_id": "0x503cc08c1fcff5bcca91d07c143e87b3bddd68566445851e93db965e6a1a122d", "id": "0x21fe642f9ae41504f324d877b6c5f4b690f142bee0c16ad53109060d8ec15dfd_0x38159e87bf23d0c42e30092eb543da5e96b4137fafa4657d6ffa19b469efe07e", "outcome": "Colorado Rockies", "price": 0.35324324324324324, "proxy_wallet": "0xc3656b313a7294600286ee3832ec2d6dc8e42e53", "side": "BUY", "size": 74, "slug": "mlb-mia-col-2026-07-01", "timestamp": "2026-07-02T01:39:10Z", "token_id": "77275020519117476392252162482053003018718756533700410205853872084141713559998", "transaction_hash": "0x21fe642f9ae41504f324d877b6c5f4b690f142bee0c16ad53109060d8ec15dfd"}, {"condition_id": "0x3e47e9ab777735fd1dae04df35e34536c38cbd4a01f173eb1acee0ce88b80c13", "id": "0x135a3784ffc8c1b09d778dba9a082715b24c6890c1584567dbb72ab97cde5788_0x07fc7952b2630b0dbe3fdb1d5cfecf96532659532a3b2e8ddbb324a66e3875ba", "outcome": "Houston Astros", "price": 0.16, "proxy_wallet": "0xc3656b313a7294600286ee3832ec2d6dc8e42e53", "side": "BUY", "size": 294, "slug": "mlb-min-hou-2026-07-01", "timestamp": "2026-07-02T01:38:04Z", "token_id": "79631088649261138787540203435937411982125789136915870373394273596147449567397", "transaction_hash": "0x135a3784ffc8c1b09d778dba9a082715b24c6890c1584567dbb72ab97cde5788"}, {"condition_id": "0xb77495036d0321e86d52d33302315ae73b95f1e51ae9863ccb21b80038e6ac93", "id": "0x8b62ff41750e4df1803673753aa19c4d062cbf2e3de70188a35a8e9f10c67f88_0x129bfad737ad97ae82897b58c6833c45ca1104c518afaca6f88f1d4f7e0e5ceb", "outcome": "Houston Astros", "price": 0.27, "proxy_wallet": "0xc3656b313a7294600286ee3832ec2d6dc8e42e53", "side": "BUY", "size": 24, "slug": "mlb-min-hou-2026-07-01-spread-away-1pt5", "timestamp": "2026-07-02T01:38:04Z", "token_id": "28521529165704733475421082630749383496900828269538453638498103607804911218204", "transaction_hash": "0x8b62ff41750e4df1803673753aa19c4d062cbf2e3de70188a35a8e9f10c67f88"}, {"condition_id": "0x8a63ea42207833e1268a206ec522fc21fea1851398081b2aa33785efdb3aa8e2", "id": "0xb40cb2934a5776b0c5f8644ea32edb43700c0788755070cff423b83279814314_0x012520b295efd002a82b5f8db9f586fae615b6d2e02d17f6f7c02ba7e10668a0", "outcome": "Pittsburgh Pirates", "price": 0.86, "proxy_wallet": "0xc3656b313a7294600286ee3832ec2d6dc8e42e53", "side": "BUY", "size": 34, "slug": "mlb-pit-phi-2026-07-01-spread-home-3pt5", "timestamp": "2026-07-02T01:37:01Z", "token_id": "74733813524480836207502757228722577847357546285442833649150954554955133434978", "transaction_hash": "0xb40cb2934a5776b0c5f8644ea32edb43700c0788755070cff423b83279814314"}, {"condition_id": "0x503cc08c1fcff5bcca91d07c143e87b3bddd68566445851e93db965e6a1a122d", "id": "0x7c035f8928d85df0779b97a9d782b3fc6f756e0f075482725c60cf1f7b0f52d0_0x93d1d49ce545b083689697f45d5fd6f17fc83cf67b626734729ad21d8da05494", "outcome": "Miami Marlins", "price": 0.6005986086451385, "proxy_wallet": "0xc3656b313a7294600286ee3832ec2d6dc8e42e53", "side": "BUY", "size": 814.5873, "slug": "mlb-mia-col-2026-07-01", "timestamp": "2026-07-02T01:33:59Z", "token_id": "70456539982031185821545367467561496403366411785803404614583891714944753086599", "transaction_hash": "0x7c035f8928d85df0779b97a9d782b3fc6f756e0f075482725c60cf1f7b0f52d0"}, {"condition_id": "0xf44e5f729fb3648e7c5f55a813a977d8ca3eb2c4cd346ba37947d12edb87cef1", "id": "0xe3c3e7d472e9cdef955e28861fd570ab853ea7716229300a1ea194c2fa1aa755_0x6342cbab1c15b6224d635a29839dd8353f74474669d586bf12abb8bc70eb98c4", "outcome": "Under", "price": 0.6291869918699187, "proxy_wallet": "0xc3656b313a7294600286ee3832ec2d6dc8e42e53", "side": "BUY", "size": 123, "slug": "mlb-cin-mil-2026-07-01-total-9pt5", "timestamp": "2026-07-02T01:33:14Z", "token_id": "38167532924488932111427586919143993687587069003238263750530239697389114769095", "transaction_hash": "0xe3c3e7d472e9cdef955e28861fd570ab853ea7716229300a1ea194c2fa1aa755"}, {"condition_id": "0x036b0c654502bb269410e8353735575a9203fc24acb8a321b6945c9d7ef7f25f", "id": "0x01529e22fcca44ddd5a7281354c4528cb576081e38b71376e51920a724e05269_0x7eda469a446bb25148aa56958857740892bbd0ae36f2efde88ba10b57ab8993c", "outcome": "Tampa Bay Rays", "price": 0.94, "proxy_wallet": "0xc3656b313a7294600286ee3832ec2d6dc8e42e53", "side": "BUY", "size": 19, "slug": "mlb-tb-kc-2026-07-01", "timestamp": "2026-07-02T01:31:01Z", "token_id": "40790751814144901788779780161768084552835822185953930666670964684954911865209", "transaction_hash": "0x01529e22fcca44ddd5a7281354c4528cb576081e38b71376e51920a724e05269"}, {"condition_id": "0x8a63ea42207833e1268a206ec522fc21fea1851398081b2aa33785efdb3aa8e2", "id": "0xaf65270bfe865119628848af63cbafa3107fba38d9c3c9c256c7317ac00b2696_0x99cb82996fe037b826e81a45cb749b26d3a371891ba24a4c9ddbe6d5ee67713e", "outcome": "Pittsburgh Pirates", "price": 0.73, "proxy_wallet": "0xc3656b313a7294600286ee3832ec2d6dc8e42e53", "side": "BUY", "size": 4, "slug": "mlb-pit-phi-2026-07-01-spread-home-3pt5", "timestamp": "2026-07-02T01:30:11Z", "token_id": "74733813524480836207502757228722577847357546285442833649150954554955133434978", "transaction_hash": "0xaf65270bfe865119628848af63cbafa3107fba38d9c3c9c256c7317ac00b2696"}, {"condition_id": "0xb77495036d0321e86d52d33302315ae73b95f1e51ae9863ccb21b80038e6ac93", "id": "0xcce1437aec0933bda0698fbe47f1c778dc561d10650ee8d394778a12d4a12cc0_0xf341423653d0d19a67968e5b2f837fdfc583373f787df1eb9a583962d4b93559", "outcome": "Minnesota Twins", "price": 0.75, "proxy_wallet": "0xc3656b313a7294600286ee3832ec2d6dc8e42e53", "side": "BUY", "size": 105, "slug": "mlb-min-hou-2026-07-01-spread-away-1pt5", "timestamp": "2026-07-02T01:28:10Z", "token_id": "106081037691312058768027882641087119222264943309003986246952918740043490485752", "transaction_hash": "0xcce1437aec0933bda0698fbe47f1c778dc561d10650ee8d394778a12d4a12cc0"}, {"condition_id": "0xffcc16466bec36ad1a0d27106b53eaf338b4013c40fa6fdf446819e14318141d", "id": "0x403979d5b1ecfe0507124436e0402c660797f4847068117c61b4769bca2641c8_0xdd66e6ca5841827c801d48093b41d603ee1170aa1a1e97bc752c253919bf39b6", "outcome": "Milwaukee Brewers", "price": 0.6, "proxy_wallet": "0xc3656b313a7294600286ee3832ec2d6dc8e42e53", "side": "BUY", "size": 97, "slug": "mlb-cin-mil-2026-07-01", "timestamp": "2026-07-02T01:26:56Z", "token_id": "19711007897046031044579594275312405944771254350980802153302868685653200183646", "transaction_hash": "0x403979d5b1ecfe0507124436e0402c660797f4847068117c61b4769bca2641c8"}, {"condition_id": "0x3e47e9ab777735fd1dae04df35e34536c38cbd4a01f173eb1acee0ce88b80c13", "id": "0x0e4fad7a676fa66ff02c7e42c59f7c6ace6801ff69991333983321b5a003b91f_0x517af9c6bacfd5b9904e5f2840cc9031c6ccdfb202555a104122203962e96046", "outcome": "Minnesota Twins", "price": 0.79, "proxy_wallet": "0xc3656b313a7294600286ee3832ec2d6dc8e42e53", "side": "BUY", "size": 87, "slug": "mlb-min-hou-2026-07-01", "timestamp": "2026-07-02T01:25:59Z", "token_id": "83328659853225215606198553171497847101809707247054071996921778441979125453170", "transaction_hash": "0x0e4fad7a676fa66ff02c7e42c59f7c6ace6801ff69991333983321b5a003b91f"}, {"condition_id": "0xde91829d83f609bb3b3e45054846a09ef041c24861e2cd31e8d84a9a660fb6e6", "id": "0x372bad363a2237fed10adeb2ee777d3714996f4b1ff3ae96c2c2f873b3bed510_0x7c21546a15fb0e846e9c763c272401b03f8123d1cee73d87c197ebbd6d325dd2", "outcome": "Over", "price": 0.23, "proxy_wallet": "0xc3656b313a7294600286ee3832ec2d6dc8e42e53", "side": "BUY", "size": 14, "slug": "mlb-stl-atl-2026-07-01-total-7pt5", "timestamp": "2026-07-02T01:24:23Z", "token_id": "59213536306052712113371765281965083543924094595297790383472955108349873626751", "transaction_hash": "0x372bad363a2237fed10adeb2ee777d3714996f4b1ff3ae96c2c2f873b3bed510"}, {"condition_id": "0x3e47e9ab777735fd1dae04df35e34536c38cbd4a01f173eb1acee0ce88b80c13", "id": "0x1061739c5b83aed215b09f7d7c92ab4a9d379842641e6663431168511cebd3f4_0x1bf260bffec598b2a539ebd7347ff446108bd588fee386e505bb8f8d12cd88db", "outcome": "Houston Astros", "price": 0.20236014987205259, "proxy_wallet": "0xc3656b313a7294600286ee3832ec2d6dc8e42e53", "side": "BUY", "size": 642.023635, "slug": "mlb-min-hou-2026-07-01", "timestamp": "2026-07-02T01:23:37Z", "token_id": "79631088649261138787540203435937411982125789136915870373394273596147449567397", "transaction_hash": "0x1061739c5b83aed215b09f7d7c92ab4a9d379842641e6663431168511cebd3f4"}, {"condition_id": "0xffcc16466bec36ad1a0d27106b53eaf338b4013c40fa6fdf446819e14318141d", "id": "0x4644991e7d2b890d96b2200f09c2acbe0b4b42819e87d7bf90ba026b877888fb_0xbac8de593ead75601a09a7d31a6010a583c6f79ca1d280f27f34448bcc835892", "outcome": "Cincinnati Reds", "price": 0.36000000000000004, "proxy_wallet": "0xc3656b313a7294600286ee3832ec2d6dc8e42e53", "side": "BUY", "size": 48, "slug": "mlb-cin-mil-2026-07-01", "timestamp": "2026-07-02T01:22:16Z", "token_id": "113358608150512001269864923288418646714914260349596543233339365306930097854218", "transaction_hash": "0x4644991e7d2b890d96b2200f09c2acbe0b4b42819e87d7bf90ba026b877888fb"}, {"condition_id": "0xf44e5f729fb3648e7c5f55a813a977d8ca3eb2c4cd346ba37947d12edb87cef1", "id": "0xc3d96af50028f64eaa83864d0351929b5346372f27a90b155084bdb6613e3430_0x55aa2f6ae94e5403307e76905a72d77c7ee004df85a957f3aa5f1cf8778c4db7", "outcome": "Under", "price": 0.54, "proxy_wallet": "0xc3656b313a7294600286ee3832ec2d6dc8e42e53", "side": "BUY", "size": 68, "slug": "mlb-cin-mil-2026-07-01-total-9pt5", "timestamp": "2026-07-02T01:22:10Z", "token_id": "38167532924488932111427586919143993687587069003238263750530239697389114769095", "transaction_hash": "0xc3d96af50028f64eaa83864d0351929b5346372f27a90b155084bdb6613e3430"}, {"condition_id": "0x9393dfde27f17a0ff4feb8e0b2ec374b823be80363257525262154d8b498c50b", "id": "0xc2709586ecbf424464fa5ab98e29dcccdb5694993c0e9f6e93f745485f82a907_0x0ab58eff45d36d2b62a9b6f7bdc3b679da62d95c2748eea39570da2e0f62e37d", "outcome": "Cincinnati Reds", "price": 0.5900000000000001, "proxy_wallet": "0xc3656b313a7294600286ee3832ec2d6dc8e42e53", "side": "BUY", "size": 164, "slug": "mlb-cin-mil-2026-07-01-spread-home-1pt5", "timestamp": "2026-07-02T01:22:10Z", "token_id": "57668114927480591978383107160570828101135679487559437631013385731858602017640", "transaction_hash": "0xc2709586ecbf424464fa5ab98e29dcccdb5694993c0e9f6e93f745485f82a907"}, {"condition_id": "0xffcc16466bec36ad1a0d27106b53eaf338b4013c40fa6fdf446819e14318141d", "id": "0x67152fa008eb1bd6900a03d09b570d4f1165c8f7709a13763b6060c1e4d8bdf9_0xd00604a5813f59dc3cc4325fd0c1fe5791bacc3db2403248f0d55b51db46e9a1", "outcome": "Cincinnati Reds", "price": 0.35, "proxy_wallet": "0xc3656b313a7294600286ee3832ec2d6dc8e42e53", "side": "BUY", "size": 8, "slug": "mlb-cin-mil-2026-07-01", "timestamp": "2026-07-02T01:22:10Z", "token_id": "113358608150512001269864923288418646714914260349596543233339365306930097854218", "transaction_hash": "0x67152fa008eb1bd6900a03d09b570d4f1165c8f7709a13763b6060c1e4d8bdf9"}, {"condition_id": "0x777a541c11b5bcad29527554face8fae16c9bd81d3db9ecfc15b8aa565f00b22", "id": "0x31a5cd444c42c97332919553aefee842a6033e61791c8dc9055adeac4dcbd770_0x2b12827bc6996b3af57059de5f9c44cfe9da337dd2ae149bbb0d22e934e45fb0", "outcome": "Philadelphia Phillies", "price": 0.5900000000000001, "proxy_wallet": "0xc3656b313a7294600286ee3832ec2d6dc8e42e53", "side": "BUY", "size": 19, "slug": "mlb-pit-phi-2026-07-01-spread-home-1pt5", "timestamp": "2026-07-02T01:22:08Z", "token_id": "103804099901451298041095974570831419185190085463164693328780768096544447450321", "transaction_hash": "0x31a5cd444c42c97332919553aefee842a6033e61791c8dc9055adeac4dcbd770"}, {"condition_id": "0x3e47e9ab777735fd1dae04df35e34536c38cbd4a01f173eb1acee0ce88b80c13", "id": "0xc2f85a1ce7c1efc8a65238a10749fc9f44f7823ca710db8d887cf0d1b06e36e1_0xfcaf6f21d1952d1cb47ce588d9082934c6f2c01a8d323b9c3fc50142d8eb55b6", "outcome": "Houston Astros", "price": 0.19999999999999998, "proxy_wallet": "0xc3656b313a7294600286ee3832ec2d6dc8e42e53", "side": "BUY", "size": 39, "slug": "mlb-min-hou-2026-07-01", "timestamp": "2026-07-02T01:20:44Z", "token_id": "79631088649261138787540203435937411982125789136915870373394273596147449567397", "transaction_hash": "0xc2f85a1ce7c1efc8a65238a10749fc9f44f7823ca710db8d887cf0d1b06e36e1"}, {"condition_id": "0x92d1554c56357d9c2a8e6c64f85258c07e78b75bb1adb3147d037a9ab8a479d5", "id": "0x5179540355cd51f4696919bf08e57bbe89158fa9ae4ba795cc61f6a574189124_0x36611a8f8d1ac4a30f9ad4ee0cd71440ac3a946bd869d222a0253af6eac38e05", "outcome": "St. Louis Cardinals", "price": 0.6, "proxy_wallet": "0xc3656b313a7294600286ee3832ec2d6dc8e42e53", "side": "BUY", "size": 64, "slug": "mlb-stl-atl-2026-07-01-spread-home-1pt5", "timestamp": "2026-07-02T01:16:35Z", "token_id": "30578524532310779190336623344667634048344204659826835187232950845284473965431", "transaction_hash": "0x5179540355cd51f4696919bf08e57bbe89158fa9ae4ba795cc61f6a574189124"}, {"condition_id": "0x7064b4bf253860b051624b34e4b58db0a05e63b08248c7f337407ea1ddcf58ae", "id": "0xfc9f5d7b4663bb453fd9c341cab3cceb49ab61792be0b9dcc4609463c6db10d7_0x6c73e31e1d7ca81891b7905e52d595d6b03e45c5e2686aa89afa651f58d6a697", "outcome": "Under", "price": 0.3378342732593965, "proxy_wallet": "0xc3656b313a7294600286ee3832ec2d6dc8e42e53", "side": "BUY", "size": 47.005293, "slug": "mlb-cin-mil-2026-07-01-total-8pt5", "timestamp": "2026-07-02T01:16:20Z", "token_id": "14034056293003290822412670691955354195438862464347353479978248378415628909497", "transaction_hash": "0xfc9f5d7b4663bb453fd9c341cab3cceb49ab61792be0b9dcc4609463c6db10d7"}, {"condition_id": "0x3e47e9ab777735fd1dae04df35e34536c38cbd4a01f173eb1acee0ce88b80c13", "id": "0x28da1bccef9031598d62eba3c43d3bd35ba1814bd411e717b821edfff9ddb4f2_0x3a2cbd95ea29aadd01f3854a561fb1e42d02cd70877b32a6a421e4dace2a6edd", "outcome": "Houston Astros", "price": 0.1975, "proxy_wallet": "0xc3656b313a7294600286ee3832ec2d6dc8e42e53", "side": "BUY", "size": 40, "slug": "mlb-min-hou-2026-07-01", "timestamp": "2026-07-02T01:15:19Z", "token_id": "79631088649261138787540203435937411982125789136915870373394273596147449567397", "transaction_hash": "0x28da1bccef9031598d62eba3c43d3bd35ba1814bd411e717b821edfff9ddb4f2"}, {"condition_id": "0x92d1554c56357d9c2a8e6c64f85258c07e78b75bb1adb3147d037a9ab8a479d5", "id": "0x67380559b22dcd7c9d640521081e2e4f180bd96ff55ae8397e38d3a1196ec7f9_0xb9fb52fc338a7c5d04f2ad3aa0aa4bb8427cedbc2e0a63497f4eb62e32faaaff", "outcome": "St. Louis Cardinals", "price": 0.6963999999999999, "proxy_wallet": "0xc3656b313a7294600286ee3832ec2d6dc8e42e53", "side": "BUY", "size": 75, "slug": "mlb-stl-atl-2026-07-01-spread-home-1pt5", "timestamp": "2026-07-02T01:14:17Z", "token_id": "30578524532310779190336623344667634048344204659826835187232950845284473965431", "transaction_hash": "0x67380559b22dcd7c9d640521081e2e4f180bd96ff55ae8397e38d3a1196ec7f9"}, {"condition_id": "0x92d1554c56357d9c2a8e6c64f85258c07e78b75bb1adb3147d037a9ab8a479d5", "id": "0x79bc917f9500e1d55a6d8a71308c5a14aa10ec0052965b3ed68d22a196436afe_0xad8c9bd4598a99a5086f9a21f5429c697fefcfb99a247aa02fb93db016de9b21", "outcome": "Atlanta Braves", "price": 0.3509090909090909, "proxy_wallet": "0xc3656b313a7294600286ee3832ec2d6dc8e42e53", "side": "BUY", "size": 44, "slug": "mlb-stl-atl-2026-07-01-spread-home-1pt5", "timestamp": "2026-07-02T01:13:29Z", "token_id": "52507956534628300524877574983635116593874938833709694044649888884437437124226", "transaction_hash": "0x79bc917f9500e1d55a6d8a71308c5a14aa10ec0052965b3ed68d22a196436afe"}, {"condition_id": "0x92d1554c56357d9c2a8e6c64f85258c07e78b75bb1adb3147d037a9ab8a479d5", "id": "0x3ebeb52b326001fbb203075e550122557cfcf506157a748d5466bc4f2774c307_0xb89507822c2165028b4ce7552292262fa5e41375af12104f9f7db7d6f3b0518e", "outcome": "St. Louis Cardinals", "price": 0.6647368421052632, "proxy_wallet": "0xc3656b313a7294600286ee3832ec2d6dc8e42e53", "side": "BUY", "size": 19, "slug": "mlb-stl-atl-2026-07-01-spread-home-1pt5", "timestamp": "2026-07-02T01:13:08Z", "token_id": "30578524532310779190336623344667634048344204659826835187232950845284473965431", "transaction_hash": "0x3ebeb52b326001fbb203075e550122557cfcf506157a748d5466bc4f2774c307"}, {"condition_id": "0xc914b1455039d1c6d255982f542c22f6793f576d1c073d465e732992bd72ac04", "id": "0xa041ffbe94bffe5d8efd4529c36dab06f0a15ffcf2fe303c152f51369932281f_0x657054cf076ef19f9f84ddb7552ba4e9fb48af01b754d7594f332c5da794e75a", "outcome": "Tampa Bay Rays", "price": 0.8047368421052631, "proxy_wallet": "0xc3656b313a7294600286ee3832ec2d6dc8e42e53", "side": "BUY", "size": 19, "slug": "mlb-tb-kc-2026-07-01-spread-away-1pt5", "timestamp": "2026-07-02T01:12:25Z", "token_id": "7916935183544297975787548667887608955113849414541493386804993372335328042966", "transaction_hash": "0xa041ffbe94bffe5d8efd4529c36dab06f0a15ffcf2fe303c152f51369932281f"}, {"condition_id": "0x92d1554c56357d9c2a8e6c64f85258c07e78b75bb1adb3147d037a9ab8a479d5", "id": "0x2bf99d48ff83a5daf1213862fbe7c8848edd64582e067d048b7ebd8ca72503b1_0x2e222f62f8e64725e12d73997db1c3b3ccfe6d58f506d76753f823e61848b28e", "outcome": "Atlanta Braves", "price": 0.29, "proxy_wallet": "0xc3656b313a7294600286ee3832ec2d6dc8e42e53", "side": "BUY", "size": 28, "slug": "mlb-stl-atl-2026-07-01-spread-home-1pt5", "timestamp": "2026-07-02T01:12:20Z", "token_id": "52507956534628300524877574983635116593874938833709694044649888884437437124226", "transaction_hash": "0x2bf99d48ff83a5daf1213862fbe7c8848edd64582e067d048b7ebd8ca72503b1"}, {"condition_id": "0x7064b4bf253860b051624b34e4b58db0a05e63b08248c7f337407ea1ddcf58ae", "id": "0x8073350430224e29028304a7cbfba2365609d8ef7114b1939859f428ba3b3d4d_0xf2e5b247a12cdbd02187f5e15881d697a9d6b51cdffaed57c037cffb01be7a57", "outcome": "Under", "price": 0.3, "proxy_wallet": "0xc3656b313a7294600286ee3832ec2d6dc8e42e53", "side": "BUY", "size": 115, "slug": "mlb-cin-mil-2026-07-01-total-8pt5", "timestamp": "2026-07-02T01:12:10Z", "token_id": "14034056293003290822412670691955354195438862464347353479978248378415628909497", "transaction_hash": "0x8073350430224e29028304a7cbfba2365609d8ef7114b1939859f428ba3b3d4d"}, {"condition_id": "0xf44e5f729fb3648e7c5f55a813a977d8ca3eb2c4cd346ba37947d12edb87cef1", "id": "0x4eb83273b179863a576fe012f10c1a4584e4ab7be2bb9d773ddf25e9fb33ec93_0xa27337c58ac2440f2bdaef12a49772aff85bf79f6b928ceefb1a60891304ef22", "outcome": "Under", "price": 0.41115384615384615, "proxy_wallet": "0xc3656b313a7294600286ee3832ec2d6dc8e42e53", "side": "BUY", "size": 78, "slug": "mlb-cin-mil-2026-07-01-total-9pt5", "timestamp": "2026-07-02T01:12:10Z", "token_id": "38167532924488932111427586919143993687587069003238263750530239697389114769095", "transaction_hash": "0x4eb83273b179863a576fe012f10c1a4584e4ab7be2bb9d773ddf25e9fb33ec93"}, {"condition_id": "0xffcc16466bec36ad1a0d27106b53eaf338b4013c40fa6fdf446819e14318141d", "id": "0xeb696f360f2ba04d655f43c8c7d973eeec6d64f8d456b868fac3b6517c36844c_0x5877954311fb26925b26e149dde6eed1181a9710240b2596164b021385cb1be6", "outcome": "Cincinnati Reds", "price": 0.38341105929380415, "proxy_wallet": "0xc3656b313a7294600286ee3832ec2d6dc8e42e53", "side": "BUY", "size": 30.02, "slug": "mlb-cin-mil-2026-07-01", "timestamp": "2026-07-02T01:12:10Z", "token_id": "113358608150512001269864923288418646714914260349596543233339365306930097854218", "transaction_hash": "0xeb696f360f2ba04d655f43c8c7d973eeec6d64f8d456b868fac3b6517c36844c"}, {"condition_id": "0x9393dfde27f17a0ff4feb8e0b2ec374b823be80363257525262154d8b498c50b", "id": "0x2222abb7fbcadc404cb3d649a8e0b6f5c67c35ba2b9b2037787c4bed2c353841_0xc2bfe0e9abf3ceec30c7e93ae8dc4b130b13f3984a92a5ac2bb2af43c3d56077", "outcome": "Cincinnati Reds", "price": 0.62, "proxy_wallet": "0xc3656b313a7294600286ee3832ec2d6dc8e42e53", "side": "BUY", "size": 9, "slug": "mlb-cin-mil-2026-07-01-spread-home-1pt5", "timestamp": "2026-07-02T01:12:08Z", "token_id": "57668114927480591978383107160570828101135679487559437631013385731858602017640", "transaction_hash": "0x2222abb7fbcadc404cb3d649a8e0b6f5c67c35ba2b9b2037787c4bed2c353841"}, {"condition_id": "0x503cc08c1fcff5bcca91d07c143e87b3bddd68566445851e93db965e6a1a122d", "id": "0x9f7e7246aa0155a69094bc56abdb731846de53c43ae00f236adddd3f69fad238_0xd85c3f6bac474312dab4043a7e0b92d0959b340a390f01d2eb6f74d9b849f24d", "outcome": "Miami Marlins", "price": 0.44, "proxy_wallet": "0xc3656b313a7294600286ee3832ec2d6dc8e42e53", "side": "BUY", "size": 18, "slug": "mlb-mia-col-2026-07-01", "timestamp": "2026-07-02T01:10:44Z", "token_id": "70456539982031185821545367467561496403366411785803404614583891714944753086599", "transaction_hash": "0x9f7e7246aa0155a69094bc56abdb731846de53c43ae00f236adddd3f69fad238"}, {"condition_id": "0x3e47e9ab777735fd1dae04df35e34536c38cbd4a01f173eb1acee0ce88b80c13", "id": "0xaeeac1dbd60c4633fd1d43f5f6ac2b166f303d1d0d80d88947bab361c708e263_0x4123e6b918f77eef19b1fb749a40f9e2bcef9c4ed84a458ad78c89f2ee721a27", "outcome": "Houston Astros", "price": 0.17452054794520547, "proxy_wallet": "0xc3656b313a7294600286ee3832ec2d6dc8e42e53", "side": "BUY", "size": 438, "slug": "mlb-min-hou-2026-07-01", "timestamp": "2026-07-02T01:10:07Z", "token_id": "79631088649261138787540203435937411982125789136915870373394273596147449567397", "transaction_hash": "0xaeeac1dbd60c4633fd1d43f5f6ac2b166f303d1d0d80d88947bab361c708e263"}, {"condition_id": "0x036b0c654502bb269410e8353735575a9203fc24acb8a321b6945c9d7ef7f25f", "id": "0x139ab995427042d229a73916031c339cfab0aa21ea51632a6612d7a85c8841d6_0x918767ecf840bae66797f7be53df6f0b4a1e89030f5426f26abc834801a6f42d", "outcome": "Tampa Bay Rays", "price": 0.85, "proxy_wallet": "0xc3656b313a7294600286ee3832ec2d6dc8e42e53", "side": "BUY", "size": 4, "slug": "mlb-tb-kc-2026-07-01", "timestamp": "2026-07-02T01:09:08Z", "token_id": "40790751814144901788779780161768084552835822185953930666670964684954911865209", "transaction_hash": "0x139ab995427042d229a73916031c339cfab0aa21ea51632a6612d7a85c8841d6"}, {"condition_id": "0x503cc08c1fcff5bcca91d07c143e87b3bddd68566445851e93db965e6a1a122d", "id": "0xbbcfb0adae10fabfe8c66c0831e681140ad9d703691381d6508d1bd194a8f0df_0x262ad52c70b4bae4f89bad4bd63dbdec1fc02107726e76e003af5263327b43a8", "outcome": "Miami Marlins", "price": 0.42, "proxy_wallet": "0xc3656b313a7294600286ee3832ec2d6dc8e42e53", "side": "BUY", "size": 14, "slug": "mlb-mia-col-2026-07-01", "timestamp": "2026-07-02T01:08:44Z", "token_id": "70456539982031185821545367467561496403366411785803404614583891714944753086599", "transaction_hash": "0xbbcfb0adae10fabfe8c66c0831e681140ad9d703691381d6508d1bd194a8f0df"}, {"condition_id": "0x71e6567ee6be17a25d2da8a71d231b7b4da6fec9685826c04d9818c501045cc8", "id": "0x203388404e8d704cdee428e2a071795f6baa48194f80d49f426fe0691b3482e1_0x1a5927d6c4a0d21eefcfce44be287a4ac6fe1db2f9ca27ec77037a749e8e5d23", "outcome": "Under", "price": 0.5599999999999999, "proxy_wallet": "0xc3656b313a7294600286ee3832ec2d6dc8e42e53", "side": "BUY", "size": 24, "slug": "mlb-mia-col-2026-07-01-total-10pt5", "timestamp": "2026-07-02T01:08:44Z", "token_id": "93794054937852727558515174295357156228559577844647752222492644226795452905093", "transaction_hash": "0x203388404e8d704cdee428e2a071795f6baa48194f80d49f426fe0691b3482e1"}, {"condition_id": "0x503cc08c1fcff5bcca91d07c143e87b3bddd68566445851e93db965e6a1a122d", "id": "0x9b4b505c2e181fbea57a4aa87b6b280de10db970d202ad73e8216f8363410965_0xa5c848f92e60d7c21f507e19f36868ef63c27087d922ad9c3c29c14c0ef38d89", "outcome": "Colorado Rockies", "price": 0.5939759036144578, "proxy_wallet": "0xc3656b313a7294600286ee3832ec2d6dc8e42e53", "side": "BUY", "size": 83, "slug": "mlb-mia-col-2026-07-01", "timestamp": "2026-07-02T01:08:40Z", "token_id": "77275020519117476392252162482053003018718756533700410205853872084141713559998", "transaction_hash": "0x9b4b505c2e181fbea57a4aa87b6b280de10db970d202ad73e8216f8363410965"}, {"condition_id": "0x036b0c654502bb269410e8353735575a9203fc24acb8a321b6945c9d7ef7f25f", "id": "0x1d27075cd9bb809eb7278cc18225df65a7efa9d5116ee12d39fa45e90c0f2164_0xa2491260600fd7dfa59fca113b50ef8566c0bed33740d9d0badb14cb50a7f67d", "outcome": "Kansas City Royals", "price": 0.18459459459459457, "proxy_wallet": "0xc3656b313a7294600286ee3832ec2d6dc8e42e53", "side": "BUY", "size": 111, "slug": "mlb-tb-kc-2026-07-01", "timestamp": "2026-07-02T01:07:35Z", "token_id": "69114849209690604338250675455738785620180463770409636087851434581080081233616", "transaction_hash": "0x1d27075cd9bb809eb7278cc18225df65a7efa9d5116ee12d39fa45e90c0f2164"}], "polled_at": "2026-07-02T01:49:25.675715+00:00"}