{"wallet": "0x4658515faa6bddcba47129450ed4766831444131", "total_trades_90d": 200, "mlb_trades_count": 50, "mlb_condition_ids": ["0x02a7e87d80dab860a4198c289baec8ee5052fad5b7a5a453c5544b5d8992b64e", "0x04c736342b639e05fc4eb5512a7b46fec794e79c93a6c06b89e866fe70d15003", "0x10d3ce265a1e1ab47359d7b27ddce67bd5ea2cd5fa35133f6a5d1a1fb3905003", "0x1f33b6429abfb34d616028f494334af03c8d64383340a8324f0fb3d79458be50", "0x21c656e80f4ee4d42665d2c1c3eb4b44243454abd9be3a0becd672fb9d5be97f", "0x21e9d9dc86727d9992bb3242da3e69f11d2f80cc6a578164c1d1b5a4b640abcb", "0x2b92ff7921ac9df284c06f414933c5b01e2ae2436367d3cf5d1619db5d977ec6", "0x2c1b93bfabce84f3eb67b314c36984ac3b84d6c7dc0467cc1df5492c0000f846", "0x3e47e9ab777735fd1dae04df35e34536c38cbd4a01f173eb1acee0ce88b80c13", "0x405ad8b0b07bc4296631721c78e94677f65e6f2b2ebd1d550b0e25894752fcff", "0x4ea9c62efe1ef142a0999c239d94a390ff21768a51673db077d8f26e54627c91", "0x6b9216836a42edd951be87b3a7e11532058687d97e84c75773dd442af1a51cf6", "0x6cbc2d6902ca3241db9ca9a78d3bb8d25ce27703090425fbc9329542d57de86b", "0x7064b4bf253860b051624b34e4b58db0a05e63b08248c7f337407ea1ddcf58ae", "0x777a541c11b5bcad29527554face8fae16c9bd81d3db9ecfc15b8aa565f00b22", "0x85d69574cd4810096cd407aa82422f534648399a8032fb198d62f15980954099", "0xb402ccd2e8001c59f67213182718337dece1cf89f906e0ff6a3827b5d45ea646", "0xc65d4e7f6f5bb008ec087c398472fd94fafe9f1d3d216283f0beb100a309042e", "0xca09c10248cda4825c3d5b5a07b36b8e478f7d853879f2d05b1ad8c6fdc84e9d", "0xcc5ac79e75113d325de33982adb585b9c1a19575186d2570a09f6070cb1f0a72", "0xda41287cdb20c0529122e083fbfff4bb8daac885775320d682e31ada34853dd3", "0xf3869157b5e6914f96126ea7c8d34e0f7623dd2557d2266d4616440feb93deed", "0xf5dd16cfe15618cbcb55c9c7793d517315129504b6a4049fa773cae5049c4930", "0xffcc16466bec36ad1a0d27106b53eaf338b4013c40fa6fdf446819e14318141d"], "mlb_trade_details": [{"condition_id": "0x777a541c11b5bcad29527554face8fae16c9bd81d3db9ecfc15b8aa565f00b22", "id": "0xd2c144453b2552ac6b9bebff44abd19ff590b00fc0c89aa6ee89c088f3fc2131_0xfe557be0419634cf44c20dfff1c210b59dfc4e87e8a7b75ade5a4c5203f3c0d1", "outcome": "Pittsburgh Pirates", "price": 0.5900000000000001, "proxy_wallet": "0x4658515faa6bddcba47129450ed4766831444131", "side": "BUY", "size": 5, "slug": "mlb-pit-phi-2026-07-01-spread-home-1pt5", "timestamp": "2026-07-01T22:27:26Z", "token_id": "4687484709316339409509334865521790203654325989828462882152857149136175735994", "transaction_hash": "0xd2c144453b2552ac6b9bebff44abd19ff590b00fc0c89aa6ee89c088f3fc2131"}, {"condition_id": "0xffcc16466bec36ad1a0d27106b53eaf338b4013c40fa6fdf446819e14318141d", "id": "0x3d7b0db87effef69f6ff24915f22b3e5f3b72226a63a438bb54835758ce81fe3_0x141854a2eac8f08ec1194e6b3e82bf05f7f0c371bef522057390835c983d72ac", "outcome": "Milwaukee Brewers", "price": 0.58, "proxy_wallet": "0x4658515faa6bddcba47129450ed4766831444131", "side": "BUY", "size": 3448.28, "slug": "mlb-cin-mil-2026-07-01", "timestamp": "2026-07-01T21:57:55Z", "token_id": "19711007897046031044579594275312405944771254350980802153302868685653200183646", "transaction_hash": "0x3d7b0db87effef69f6ff24915f22b3e5f3b72226a63a438bb54835758ce81fe3"}, {"condition_id": "0x04c736342b639e05fc4eb5512a7b46fec794e79c93a6c06b89e866fe70d15003", "id": "0x283aadde6a11390a31e3a65c2a73257848772a85a8f2997515af2464fb0b16ac_0x7596c68b74f28b29c87dd91435b42686b5bb2c270f86fb0abdabe4ca0a823c91", "outcome": "Pittsburgh Pirates", "price": 0.41000000000000003, "proxy_wallet": "0x4658515faa6bddcba47129450ed4766831444131", "side": "BUY", "size": 4390.24, "slug": "mlb-pit-phi-2026-07-01", "timestamp": "2026-07-01T21:28:58Z", "token_id": "11562383647728491295498784192606069157753932455838420463713222976619310305836", "transaction_hash": "0x283aadde6a11390a31e3a65c2a73257848772a85a8f2997515af2464fb0b16ac"}, {"condition_id": "0x2c1b93bfabce84f3eb67b314c36984ac3b84d6c7dc0467cc1df5492c0000f846", "id": "0x20e2a6ae9622a80ab24bffefdb51de42735d6c45177e479de18ac07b9701307c_0x3d9234d5a6ebd0ec4988436720b1a852e51492ae1c376ef738c86e9d4c1085dd", "outcome": "Under", "price": 0.48, "proxy_wallet": "0x4658515faa6bddcba47129450ed4766831444131", "side": "BUY", "size": 2083.33, "slug": "mlb-det-nyy-2026-07-01-total-9pt5", "timestamp": "2026-07-01T17:25:16Z", "token_id": "86584744745641260195049614213189686120234699564047338929402724016611061406322", "transaction_hash": "0x20e2a6ae9622a80ab24bffefdb51de42735d6c45177e479de18ac07b9701307c"}, {"condition_id": "0x3e47e9ab777735fd1dae04df35e34536c38cbd4a01f173eb1acee0ce88b80c13", "id": "0x3b668d5f35b08f0d2b7e0eae2b55337c83fe5fcf956ed51a24a835f7db9c0285_0x8a2d0565e60958587d0f225ea4e20318143c7b263b7743d8af41cc71a911dcba", "outcome": "Minnesota Twins", "price": 0.43000000000000005, "proxy_wallet": "0x4658515faa6bddcba47129450ed4766831444131", "side": "BUY", "size": 2325.58, "slug": "mlb-min-hou-2026-07-01", "timestamp": "2026-07-01T16:10:49Z", "token_id": "83328659853225215606198553171497847101809707247054071996921778441979125453170", "transaction_hash": "0x3b668d5f35b08f0d2b7e0eae2b55337c83fe5fcf956ed51a24a835f7db9c0285"}, {"condition_id": "0x405ad8b0b07bc4296631721c78e94677f65e6f2b2ebd1d550b0e25894752fcff", "id": "0x34c4c2e29ce46e7e52a47bc3971a59b8771471bba71964c09358ebaec95f31c6_0x708ae9d2658325f3857fd4b27dfc3a8f93bb742f0f1dcadbfb9bd6305645d2e8", "outcome": "Cleveland Guardians", "price": 0.53, "proxy_wallet": "0x4658515faa6bddcba47129450ed4766831444131", "side": "BUY", "size": 3773.58, "slug": "mlb-tex-cle-2026-07-01", "timestamp": "2026-07-01T16:05:52Z", "token_id": "86288552152311971878837110424970993696447858867022322166659566304776992899778", "transaction_hash": "0x34c4c2e29ce46e7e52a47bc3971a59b8771471bba71964c09358ebaec95f31c6"}, {"condition_id": "0x405ad8b0b07bc4296631721c78e94677f65e6f2b2ebd1d550b0e25894752fcff", "id": "0x850e567087b95c57df9bd1c8e68ba6f467d49267bcfd0bb27556ee8c2e0a5851_0xef908462704f3916b12500c9b6bd42f607480e37f871deeb2df147e2e374d2a9", "outcome": "Texas Rangers", "price": 0.48, "proxy_wallet": "0x4658515faa6bddcba47129450ed4766831444131", "side": "BUY", "size": 4166.67, "slug": "mlb-tex-cle-2026-07-01", "timestamp": "2026-07-01T14:30:25Z", "token_id": "113404399294112500010064402731493478858982331044374364618826777287474018299452", "transaction_hash": "0x850e567087b95c57df9bd1c8e68ba6f467d49267bcfd0bb27556ee8c2e0a5851"}, {"condition_id": "0x7064b4bf253860b051624b34e4b58db0a05e63b08248c7f337407ea1ddcf58ae", "id": "0xac863d6a8b1415d4afb5ce6646be8bdf0590c680480d2dd764a1469d8c208639_0xa2aba88d4f1c44aa857d9308bda74e4ac1dace6f87191f3fb0b951b512bf0315", "outcome": "Under", "price": 0.45999999999999996, "proxy_wallet": "0x4658515faa6bddcba47129450ed4766831444131", "side": "BUY", "size": 1086.96, "slug": "mlb-cin-mil-2026-07-01-total-8pt5", "timestamp": "2026-07-01T12:53:44Z", "token_id": "14034056293003290822412670691955354195438862464347353479978248378415628909497", "transaction_hash": "0xac863d6a8b1415d4afb5ce6646be8bdf0590c680480d2dd764a1469d8c208639"}, {"condition_id": "0xca09c10248cda4825c3d5b5a07b36b8e478f7d853879f2d05b1ad8c6fdc84e9d", "id": "0x744a749f43ae836ce232ab43eb30e189d8445c1a0877a00d7957a3ad2f30151f_0xb2856ae952465c6bb2a571cd546372ab6b1b1e7c62a84853fb8b364e4038bd96", "outcome": "Over", "price": 0.44999999999999996, "proxy_wallet": "0x4658515faa6bddcba47129450ed4766831444131", "side": "BUY", "size": 2207.8, "slug": "mlb-mia-col-2026-06-30-total-11pt5", "timestamp": "2026-07-01T00:08:28Z", "token_id": "84470479543592306658512583689218310103449527636706914619081796425450053894511", "transaction_hash": "0x744a749f43ae836ce232ab43eb30e189d8445c1a0877a00d7957a3ad2f30151f"}, {"condition_id": "0xca09c10248cda4825c3d5b5a07b36b8e478f7d853879f2d05b1ad8c6fdc84e9d", "id": "0x74585390c79050b23c38c20a71e758fb431da75e765af78badbece906a98a170_0xb2856ae952465c6bb2a571cd546372ab6b1b1e7c62a84853fb8b364e4038bd96", "outcome": "Over", "price": 0.45, "proxy_wallet": "0x4658515faa6bddcba47129450ed4766831444131", "side": "BUY", "size": 14.42, "slug": "mlb-mia-col-2026-06-30-total-11pt5", "timestamp": "2026-07-01T00:08:16Z", "token_id": "84470479543592306658512583689218310103449527636706914619081796425450053894511", "transaction_hash": "0x74585390c79050b23c38c20a71e758fb431da75e765af78badbece906a98a170"}, {"condition_id": "0x2b92ff7921ac9df284c06f414933c5b01e2ae2436367d3cf5d1619db5d977ec6", "id": "0xcd02382061be0c88a048fb0e97c4fda165da111bc27ff1fd4bea2f8a29765673_0x47238c1352742276172e70e36d37c7a6d284482644eed97501e25dfa160829ea", "outcome": "Los Angeles Angels", "price": 0.35000000000000003, "proxy_wallet": "0x4658515faa6bddcba47129450ed4766831444131", "side": "BUY", "size": 2857.14, "slug": "mlb-laa-sea-2026-06-30", "timestamp": "2026-06-30T23:28:19Z", "token_id": "112147185103898640732147327846230339350167167545447289307545904178212595666962", "transaction_hash": "0xcd02382061be0c88a048fb0e97c4fda165da111bc27ff1fd4bea2f8a29765673"}, {"condition_id": "0xb402ccd2e8001c59f67213182718337dece1cf89f906e0ff6a3827b5d45ea646", "id": "0x07523dbee9bb53fb1f54483d7d92a8fcb21cd59d407a0f2e88e9c4041fd88cc8_0x87224078d563d762b517b61d139dc5f5d972140c0c625f45b5f76db146bd92a0", "outcome": "Over", "price": 0.44, "proxy_wallet": "0x4658515faa6bddcba47129450ed4766831444131", "side": "BUY", "size": 2272.73, "slug": "mlb-wsh-bos-2026-06-30-total-9pt5", "timestamp": "2026-06-30T22:48:17Z", "token_id": "109904154099197414316776539236745385518524476939464502131315964667070606558722", "transaction_hash": "0x07523dbee9bb53fb1f54483d7d92a8fcb21cd59d407a0f2e88e9c4041fd88cc8"}, {"condition_id": "0x10d3ce265a1e1ab47359d7b27ddce67bd5ea2cd5fa35133f6a5d1a1fb3905003", "id": "0x9c2fbdc676f51986bb7acea1d111e247ecd74e484e90616fea3a5e903d5583ea_0x9d5ddad9c4fad631ea9bb1ef99ccbe5fcd01ffada940d1a97f03b57f9abfb5b4", "outcome": "Toronto Blue Jays", "price": 0.49000000000000005, "proxy_wallet": "0x4658515faa6bddcba47129450ed4766831444131", "side": "BUY", "size": 5, "slug": "mlb-nym-tor-2026-06-30", "timestamp": "2026-06-30T22:05:01Z", "token_id": "30382047171906623088700245374331450704622092212228777308426218283468483423083", "transaction_hash": "0x9c2fbdc676f51986bb7acea1d111e247ecd74e484e90616fea3a5e903d5583ea"}, {"condition_id": "0x10d3ce265a1e1ab47359d7b27ddce67bd5ea2cd5fa35133f6a5d1a1fb3905003", "id": "0x5902058b1b055d5cf5bbfc88cd738bab5875bf12305c847d4d655c5f4e669dc0_0x018cda86b9dd61eb88679f99f28467c805ff59c38e3f233564bdd5378e2ce14f", "outcome": "Toronto Blue Jays", "price": 0.49, "proxy_wallet": "0x4658515faa6bddcba47129450ed4766831444131", "side": "BUY", "size": 4081.63, "slug": "mlb-nym-tor-2026-06-30", "timestamp": "2026-06-30T22:05:01Z", "token_id": "30382047171906623088700245374331450704622092212228777308426218283468483423083", "transaction_hash": "0x5902058b1b055d5cf5bbfc88cd738bab5875bf12305c847d4d655c5f4e669dc0"}, {"condition_id": "0xda41287cdb20c0529122e083fbfff4bb8daac885775320d682e31ada34853dd3", "id": "0xa4d76216ab23bba833c9697a75ceac6430ea87e67682ca123528a87cbe1523fc_0x2f2abe9be881f24dae09d38fcb139ea5425d97bb55e1647e0d9b281ed00dfae0", "outcome": "Under", "price": 0.44999999999999996, "proxy_wallet": "0x4658515faa6bddcba47129450ed4766831444131", "side": "BUY", "size": 43.86, "slug": "mlb-pit-phi-2026-06-30-total-8pt5", "timestamp": "2026-06-30T20:29:31Z", "token_id": "6239738652594592726286549797108002914886854872797252257010413778179287512976", "transaction_hash": "0xa4d76216ab23bba833c9697a75ceac6430ea87e67682ca123528a87cbe1523fc"}, {"condition_id": "0xda41287cdb20c0529122e083fbfff4bb8daac885775320d682e31ada34853dd3", "id": "0xf212b8d13ad6ba273109ea209c4eb2a84e8b082c2f1835256c88f3251df4f6a4_0x2f2abe9be881f24dae09d38fcb139ea5425d97bb55e1647e0d9b281ed00dfae0", "outcome": "Under", "price": 0.45, "proxy_wallet": "0x4658515faa6bddcba47129450ed4766831444131", "side": "BUY", "size": 1972.67, "slug": "mlb-pit-phi-2026-06-30-total-8pt5", "timestamp": "2026-06-30T20:29:25Z", "token_id": "6239738652594592726286549797108002914886854872797252257010413778179287512976", "transaction_hash": "0xf212b8d13ad6ba273109ea209c4eb2a84e8b082c2f1835256c88f3251df4f6a4"}, {"condition_id": "0xf5dd16cfe15618cbcb55c9c7793d517315129504b6a4049fa773cae5049c4930", "id": "0x921c56882ade873ad6ee21e61aa8b1d5312a30d505357139ba20c881ad0f9e37_0xe9fc4ee0bc0608c39691878e5512c848bce1d000f366873202e0ee60c01e83bf", "outcome": "Philadelphia Phillies", "price": 0.6700000049800685, "proxy_wallet": "0x4658515faa6bddcba47129450ed4766831444131", "side": "BUY", "size": 106.424241, "slug": "mlb-pit-phi-2026-06-30", "timestamp": "2026-06-30T14:37:20Z", "token_id": "81825045217479375171043195671961802118905175802865825169034405948694927084633", "transaction_hash": "0x921c56882ade873ad6ee21e61aa8b1d5312a30d505357139ba20c881ad0f9e37"}, {"condition_id": "0xf5dd16cfe15618cbcb55c9c7793d517315129504b6a4049fa773cae5049c4930", "id": "0xd0970f117c4272ab5b119ea303683c3a252d9e1e1982708fc0aecdda25c11137_0xe9fc4ee0bc0608c39691878e5512c848bce1d000f366873202e0ee60c01e83bf", "outcome": "Philadelphia Phillies", "price": 0.67, "proxy_wallet": "0x4658515faa6bddcba47129450ed4766831444131", "side": "BUY", "size": 5, "slug": "mlb-pit-phi-2026-06-30", "timestamp": "2026-06-30T14:37:19Z", "token_id": "81825045217479375171043195671961802118905175802865825169034405948694927084633", "transaction_hash": "0xd0970f117c4272ab5b119ea303683c3a252d9e1e1982708fc0aecdda25c11137"}, {"condition_id": "0xc65d4e7f6f5bb008ec087c398472fd94fafe9f1d3d216283f0beb100a309042e", "id": "0x2f670d321b77c90db3682741d5cb501c887af0e6e78d6988f721b7814c56bed1_0x16cdd284ac74d49ff97ea86eced7db576a019ee68d5c9c21eeb94a6bae51ff71", "outcome": "Miami Marlins", "price": 0.57, "proxy_wallet": "0x4658515faa6bddcba47129450ed4766831444131", "side": "BUY", "size": 1211.63, "slug": "mlb-mia-col-2026-06-30", "timestamp": "2026-06-30T14:27:29Z", "token_id": "41301678129222070982755432471327162516616983006595203710227947619848263663773", "transaction_hash": "0x2f670d321b77c90db3682741d5cb501c887af0e6e78d6988f721b7814c56bed1"}, {"condition_id": "0xc65d4e7f6f5bb008ec087c398472fd94fafe9f1d3d216283f0beb100a309042e", "id": "0x75beca4368f9cc6bf6f8c627f4de5940088b4a082ffc78048fb95ded38b903fd_0x16cdd284ac74d49ff97ea86eced7db576a019ee68d5c9c21eeb94a6bae51ff71", "outcome": "Miami Marlins", "price": 0.57, "proxy_wallet": "0x4658515faa6bddcba47129450ed4766831444131", "side": "BUY", "size": 542.76, "slug": "mlb-mia-col-2026-06-30", "timestamp": "2026-06-30T14:27:20Z", "token_id": "41301678129222070982755432471327162516616983006595203710227947619848263663773", "transaction_hash": "0x75beca4368f9cc6bf6f8c627f4de5940088b4a082ffc78048fb95ded38b903fd"}, {"condition_id": "0x21e9d9dc86727d9992bb3242da3e69f11d2f80cc6a578164c1d1b5a4b640abcb", "id": "0xb7196073c53391b589a31ec38c48b49483acdcbbfa1f5ba1cd7a15653a5c82a3_0x2256d5c61440213b5f2d7de5b3ad05fe6e64005743abaa486cb7067b14746ea4", "outcome": "Tampa Bay Rays", "price": 0.53, "proxy_wallet": "0x4658515faa6bddcba47129450ed4766831444131", "side": "BUY", "size": 488.03, "slug": "mlb-tb-kc-2026-06-30", "timestamp": "2026-06-30T14:01:58Z", "token_id": "110782121559636891137165914928288995322315100468604322397611218975208430511432", "transaction_hash": "0xb7196073c53391b589a31ec38c48b49483acdcbbfa1f5ba1cd7a15653a5c82a3"}, {"condition_id": "0x21e9d9dc86727d9992bb3242da3e69f11d2f80cc6a578164c1d1b5a4b640abcb", "id": "0x7572f6e82ad06c64c6af1a281638fbdb6e745141defc920f7e12f7f7ccfe4a4c_0x2256d5c61440213b5f2d7de5b3ad05fe6e64005743abaa486cb7067b14746ea4", "outcome": "Tampa Bay Rays", "price": 0.53, "proxy_wallet": "0x4658515faa6bddcba47129450ed4766831444131", "side": "BUY", "size": 1398.76, "slug": "mlb-tb-kc-2026-06-30", "timestamp": "2026-06-30T14:01:46Z", "token_id": "110782121559636891137165914928288995322315100468604322397611218975208430511432", "transaction_hash": "0x7572f6e82ad06c64c6af1a281638fbdb6e745141defc920f7e12f7f7ccfe4a4c"}, {"condition_id": "0x21c656e80f4ee4d42665d2c1c3eb4b44243454abd9be3a0becd672fb9d5be97f", "id": "0x24651fe6f880bc0a4319a53f7d8f3e56566758c4d23127acd80c7bd8850c6c6e_0xeea89be9649c3f4963f4fe47f4b4d985fdd3e59b327d2935cb8eec43e9880f2d", "outcome": "Over", "price": 0.44000000000000006, "proxy_wallet": "0x4658515faa6bddcba47129450ed4766831444131", "side": "BUY", "size": 1136.36, "slug": "mlb-tb-kc-2026-06-30-total-10pt5", "timestamp": "2026-06-30T12:44:56Z", "token_id": "23242456119556680364052332182836118607098437440458599040533401846058406992714", "transaction_hash": "0x24651fe6f880bc0a4319a53f7d8f3e56566758c4d23127acd80c7bd8850c6c6e"}, {"condition_id": "0x6b9216836a42edd951be87b3a7e11532058687d97e84c75773dd442af1a51cf6", "id": "0xa2e0faf9e7cdad914b6488c8cc8537cb6f3ea11c377fa729b02e12a52910a885_0xe5f570f1b250f6773bd03b7055c3b27150097555b5a678f9ef2f3f0135f5ff20", "outcome": "Over", "price": 0.4600000000000001, "proxy_wallet": "0x4658515faa6bddcba47129450ed4766831444131", "side": "BUY", "size": 139.14, "slug": "mlb-stl-atl-2026-06-30-total-9pt5", "timestamp": "2026-06-30T12:32:34Z", "token_id": "96961671425435053949740928293112195928210761463865511353325513015438692864574", "transaction_hash": "0xa2e0faf9e7cdad914b6488c8cc8537cb6f3ea11c377fa729b02e12a52910a885"}, {"condition_id": "0x6b9216836a42edd951be87b3a7e11532058687d97e84c75773dd442af1a51cf6", "id": "0x00a2131c366e0a7911d67c75b2820ef42460f0c6018f27d2cd4397e73ed5b05e_0xe5f570f1b250f6773bd03b7055c3b27150097555b5a678f9ef2f3f0135f5ff20", "outcome": "Over", "price": 0.46, "proxy_wallet": "0x4658515faa6bddcba47129450ed4766831444131", "side": "BUY", "size": 947.82, "slug": "mlb-stl-atl-2026-06-30-total-9pt5", "timestamp": "2026-06-30T12:32:23Z", "token_id": "96961671425435053949740928293112195928210761463865511353325513015438692864574", "transaction_hash": "0x00a2131c366e0a7911d67c75b2820ef42460f0c6018f27d2cd4397e73ed5b05e"}, {"condition_id": "0xb402ccd2e8001c59f67213182718337dece1cf89f906e0ff6a3827b5d45ea646", "id": "0x4dbf53fcae98b95af34f8ef4b8a335dae48f7de440f73db692e453d447e2db8a_0x05a9912a4eb9f9292546d2c6feff533bcfd5cef693197a70c5bf450c29f773ef", "outcome": "Over", "price": 0.45999999999999996, "proxy_wallet": "0x4658515faa6bddcba47129450ed4766831444131", "side": "BUY", "size": 1086.96, "slug": "mlb-wsh-bos-2026-06-30-total-9pt5", "timestamp": "2026-06-30T12:20:08Z", "token_id": "109904154099197414316776539236745385518524476939464502131315964667070606558722", "transaction_hash": "0x4dbf53fcae98b95af34f8ef4b8a335dae48f7de440f73db692e453d447e2db8a"}, {"condition_id": "0x10d3ce265a1e1ab47359d7b27ddce67bd5ea2cd5fa35133f6a5d1a1fb3905003", "id": "0x2d3312f47a69d394220df27bc2192dd9805745e10e9f947e816f62a47e92802d_0x24173a5b4ca6f5d31163c916c63b8ff35c638e2f789d9cdde1e3c52db23903a8", "outcome": "Toronto Blue Jays", "price": 0.52, "proxy_wallet": "0x4658515faa6bddcba47129450ed4766831444131", "side": "BUY", "size": 1341.15, "slug": "mlb-nym-tor-2026-06-30", "timestamp": "2026-06-30T07:37:50Z", "token_id": "30382047171906623088700245374331450704622092212228777308426218283468483423083", "transaction_hash": "0x2d3312f47a69d394220df27bc2192dd9805745e10e9f947e816f62a47e92802d"}, {"condition_id": "0x10d3ce265a1e1ab47359d7b27ddce67bd5ea2cd5fa35133f6a5d1a1fb3905003", "id": "0x657cc60873c62175169d3179a0c7df88d77f766a0ff87df751b262983a5c8fcb_0x24173a5b4ca6f5d31163c916c63b8ff35c638e2f789d9cdde1e3c52db23903a8", "outcome": "Toronto Blue Jays", "price": 0.52, "proxy_wallet": "0x4658515faa6bddcba47129450ed4766831444131", "side": "BUY", "size": 5, "slug": "mlb-nym-tor-2026-06-30", "timestamp": "2026-06-30T07:37:35Z", "token_id": "30382047171906623088700245374331450704622092212228777308426218283468483423083", "transaction_hash": "0x657cc60873c62175169d3179a0c7df88d77f766a0ff87df751b262983a5c8fcb"}, {"condition_id": "0x4ea9c62efe1ef142a0999c239d94a390ff21768a51673db077d8f26e54627c91", "id": "0x1f4c67cf4d66ac4161d537c9b1f8aba04f1745e80117d5521c8a8923d5eae92e_0xa4c5ad95d352b4e5c19ed64fce54ece5527f4a0e6ed506fa667c5c409d8a3e3b", "outcome": "Baltimore Orioles", "price": 0.5600001936001083, "proxy_wallet": "0x4658515faa6bddcba47129450ed4766831444131", "side": "BUY", "size": 2.272726, "slug": "mlb-cws-bal-2026-06-30", "timestamp": "2026-06-30T07:36:50Z", "token_id": "26525825636574527278157136923900880028700393177556900262775854129454988743638", "transaction_hash": "0x1f4c67cf4d66ac4161d537c9b1f8aba04f1745e80117d5521c8a8923d5eae92e"}, {"condition_id": "0xcc5ac79e75113d325de33982adb585b9c1a19575186d2570a09f6070cb1f0a72", "id": "0xf8f00b5cae213ce91fc9c64a0e385019bf00db0e7aa70bc0f2bd14ea72f44a10_0x157e9ad2c05d43330ac676dc9d6f844e5cfc0d9a54c54ea567b029d154088bf5", "outcome": "Milwaukee Brewers", "price": 0.54, "proxy_wallet": "0x4658515faa6bddcba47129450ed4766831444131", "side": "BUY", "size": 3703.7, "slug": "mlb-cin-mil-2026-06-29", "timestamp": "2026-06-29T21:57:11Z", "token_id": "39242917643787810980599583061486174245331727158176233438370776497969634047497", "transaction_hash": "0xf8f00b5cae213ce91fc9c64a0e385019bf00db0e7aa70bc0f2bd14ea72f44a10"}, {"condition_id": "0x6cbc2d6902ca3241db9ca9a78d3bb8d25ce27703090425fbc9329542d57de86b", "id": "0x0ac347e70ca3ea5d4b24b3fc6dfdbfbc467920d59a239adf6dbdf997d97c69ec_0x559bb1b02cfab5af72f60ee361a93722b503f7de3f68e269c8878052f12e25c2", "outcome": "Pittsburgh Pirates", "price": 0.48, "proxy_wallet": "0x4658515faa6bddcba47129450ed4766831444131", "side": "BUY", "size": 4166.67, "slug": "mlb-pit-phi-2026-06-29", "timestamp": "2026-06-29T21:35:49Z", "token_id": "75959789117469959079726010354921504636869052595261283727282447719186699364377", "transaction_hash": "0x0ac347e70ca3ea5d4b24b3fc6dfdbfbc467920d59a239adf6dbdf997d97c69ec"}, {"condition_id": "0xf3869157b5e6914f96126ea7c8d34e0f7623dd2557d2266d4616440feb93deed", "id": "0x7c51a20d259c750c6e2de7de2a19399bd376698fb8e846d1f07ca6bbfbc7d154_0x90eb8a9f0f74ca25e406b8de988f0aa7202d461394ed043c0916f9cb352d10a5", "outcome": "Washington Nationals", "price": 0.36999999999999994, "proxy_wallet": "0x4658515faa6bddcba47129450ed4766831444131", "side": "BUY", "size": 4054.05, "slug": "mlb-wsh-bos-2026-06-29", "timestamp": "2026-06-29T21:18:44Z", "token_id": "13225357866024479311323612183202735736925639050999797426939812231561134255877", "transaction_hash": "0x7c51a20d259c750c6e2de7de2a19399bd376698fb8e846d1f07ca6bbfbc7d154"}, {"condition_id": "0x02a7e87d80dab860a4198c289baec8ee5052fad5b7a5a453c5544b5d8992b64e", "id": "0x0f3ac71c1016e64a55dce651fd80146c5539a2098480313d64f0904a376f354b_0x8bd0de1bdec636f577f743f2935df70321a93a0d1f9dbc268829a7010756b432", "outcome": "Under", "price": 0.48, "proxy_wallet": "0x4658515faa6bddcba47129450ed4766831444131", "side": "BUY", "size": 2083.33, "slug": "mlb-nym-tor-2026-06-29-total-8pt5", "timestamp": "2026-06-29T20:46:05Z", "token_id": "34932633786808043290439505943478450955343584497385046178727182728744700174933", "transaction_hash": "0x0f3ac71c1016e64a55dce651fd80146c5539a2098480313d64f0904a376f354b"}, {"condition_id": "0x1f33b6429abfb34d616028f494334af03c8d64383340a8324f0fb3d79458be50", "id": "0x046fa023d0c2311f70db461321dc37cc1a9593d88cc595f7aa5b368b99230b41_0x66f6b6599b811f418ccc896abddf53d8e9f2848a0a96e18750bb06a64f7a82ad", "outcome": "Over", "price": 0.5499999999999999, "proxy_wallet": "0x4658515faa6bddcba47129450ed4766831444131", "side": "BUY", "size": 5.04, "slug": "mlb-cws-bal-2026-06-29-total-8pt5", "timestamp": "2026-06-29T19:28:13Z", "token_id": "33684109643901290635295994972498607425380110236701541517530218977691551868684", "transaction_hash": "0x046fa023d0c2311f70db461321dc37cc1a9593d88cc595f7aa5b368b99230b41"}, {"condition_id": "0x1f33b6429abfb34d616028f494334af03c8d64383340a8324f0fb3d79458be50", "id": "0x9be1a348e99f4dde704ebac3296aa9fb06562b0f0f7fa065ee128b388a518a70_0x66f6b6599b811f418ccc896abddf53d8e9f2848a0a96e18750bb06a64f7a82ad", "outcome": "Over", "price": 0.5500000978261081, "proxy_wallet": "0x4658515faa6bddcba47129450ed4766831444131", "side": "BUY", "size": 5.11111, "slug": "mlb-cws-bal-2026-06-29-total-8pt5", "timestamp": "2026-06-29T19:28:07Z", "token_id": "33684109643901290635295994972498607425380110236701541517530218977691551868684", "transaction_hash": "0x9be1a348e99f4dde704ebac3296aa9fb06562b0f0f7fa065ee128b388a518a70"}, {"condition_id": "0x1f33b6429abfb34d616028f494334af03c8d64383340a8324f0fb3d79458be50", "id": "0xf58cb1acb657e5d9e190149d42c394f57093292649266d8606611b86124800af_0x66f6b6599b811f418ccc896abddf53d8e9f2848a0a96e18750bb06a64f7a82ad", "outcome": "Over", "price": 0.5500000024480174, "proxy_wallet": "0x4658515faa6bddcba47129450ed4766831444131", "side": "BUY", "size": 183.822221, "slug": "mlb-cws-bal-2026-06-29-total-8pt5", "timestamp": "2026-06-29T19:28:04Z", "token_id": "33684109643901290635295994972498607425380110236701541517530218977691551868684", "transaction_hash": "0xf58cb1acb657e5d9e190149d42c394f57093292649266d8606611b86124800af"}, {"condition_id": "0x1f33b6429abfb34d616028f494334af03c8d64383340a8324f0fb3d79458be50", "id": "0xe667bbd367d972428a37437b23ed8fc789fc0cfc120989023bcbdf61238a1767_0x66f6b6599b811f418ccc896abddf53d8e9f2848a0a96e18750bb06a64f7a82ad", "outcome": "Over", "price": 0.5500000450000045, "proxy_wallet": "0x4658515faa6bddcba47129450ed4766831444131", "side": "BUY", "size": 11.11111, "slug": "mlb-cws-bal-2026-06-29-total-8pt5", "timestamp": "2026-06-29T19:27:47Z", "token_id": "33684109643901290635295994972498607425380110236701541517530218977691551868684", "transaction_hash": "0xe667bbd367d972428a37437b23ed8fc789fc0cfc120989023bcbdf61238a1767"}, {"condition_id": "0x1f33b6429abfb34d616028f494334af03c8d64383340a8324f0fb3d79458be50", "id": "0xf3b9dc65c042e4596786763ccd7428573a2ea1efb472d726617c6c69c40a7e64_0x66f6b6599b811f418ccc896abddf53d8e9f2848a0a96e18750bb06a64f7a82ad", "outcome": "Over", "price": 0.5500000450000045, "proxy_wallet": "0x4658515faa6bddcba47129450ed4766831444131", "side": "BUY", "size": 11.11111, "slug": "mlb-cws-bal-2026-06-29-total-8pt5", "timestamp": "2026-06-29T19:27:47Z", "token_id": "33684109643901290635295994972498607425380110236701541517530218977691551868684", "transaction_hash": "0xf3b9dc65c042e4596786763ccd7428573a2ea1efb472d726617c6c69c40a7e64"}, {"condition_id": "0x1f33b6429abfb34d616028f494334af03c8d64383340a8324f0fb3d79458be50", "id": "0x28a4a4de31bab6ed67f50c0c1e2eda040b8e082ea2f58bb18cc15bbff350e13f_0x66f6b6599b811f418ccc896abddf53d8e9f2848a0a96e18750bb06a64f7a82ad", "outcome": "Over", "price": 0.5500000205792736, "proxy_wallet": "0x4658515faa6bddcba47129450ed4766831444131", "side": "BUY", "size": 7.288887, "slug": "mlb-cws-bal-2026-06-29-total-8pt5", "timestamp": "2026-06-29T19:27:41Z", "token_id": "33684109643901290635295994972498607425380110236701541517530218977691551868684", "transaction_hash": "0x28a4a4de31bab6ed67f50c0c1e2eda040b8e082ea2f58bb18cc15bbff350e13f"}, {"condition_id": "0x1f33b6429abfb34d616028f494334af03c8d64383340a8324f0fb3d79458be50", "id": "0xf3a2efcd7d5d2d8484d7480c726013ebadd7285825498f17bff089f250487189_0x66f6b6599b811f418ccc896abddf53d8e9f2848a0a96e18750bb06a64f7a82ad", "outcome": "Over", "price": 0.550000020250001, "proxy_wallet": "0x4658515faa6bddcba47129450ed4766831444131", "side": "BUY", "size": 22.222221, "slug": "mlb-cws-bal-2026-06-29-total-8pt5", "timestamp": "2026-06-29T19:27:20Z", "token_id": "33684109643901290635295994972498607425380110236701541517530218977691551868684", "transaction_hash": "0xf3a2efcd7d5d2d8484d7480c726013ebadd7285825498f17bff089f250487189"}, {"condition_id": "0x1f33b6429abfb34d616028f494334af03c8d64383340a8324f0fb3d79458be50", "id": "0xbf3a5dde5b83cc914e8030927ad000c34b48a039b2761b1460f3342d0938bf39_0x66f6b6599b811f418ccc896abddf53d8e9f2848a0a96e18750bb06a64f7a82ad", "outcome": "Over", "price": 0.5499999999999999, "proxy_wallet": "0x4658515faa6bddcba47129450ed4766831444131", "side": "BUY", "size": 5.04, "slug": "mlb-cws-bal-2026-06-29-total-8pt5", "timestamp": "2026-06-29T19:27:07Z", "token_id": "33684109643901290635295994972498607425380110236701541517530218977691551868684", "transaction_hash": "0xbf3a5dde5b83cc914e8030927ad000c34b48a039b2761b1460f3342d0938bf39"}, {"condition_id": "0x1f33b6429abfb34d616028f494334af03c8d64383340a8324f0fb3d79458be50", "id": "0x515f342cb9d7976a256ce4f589f5649d4da8d289780e6ebde147ae78db017fb9_0x66f6b6599b811f418ccc896abddf53d8e9f2848a0a96e18750bb06a64f7a82ad", "outcome": "Over", "price": 0.5500002025001114, "proxy_wallet": "0x4658515faa6bddcba47129450ed4766831444131", "side": "BUY", "size": 2.222221, "slug": "mlb-cws-bal-2026-06-29-total-8pt5", "timestamp": "2026-06-29T19:27:05Z", "token_id": "33684109643901290635295994972498607425380110236701541517530218977691551868684", "transaction_hash": "0x515f342cb9d7976a256ce4f589f5649d4da8d289780e6ebde147ae78db017fb9"}, {"condition_id": "0x1f33b6429abfb34d616028f494334af03c8d64383340a8324f0fb3d79458be50", "id": "0x8d9078a5698782fbf7d203f693f4af2b1254eea20e068861541e21654cb21ae1_0x66f6b6599b811f418ccc896abddf53d8e9f2848a0a96e18750bb06a64f7a82ad", "outcome": "Over", "price": 0.5500000787500255, "proxy_wallet": "0x4658515faa6bddcba47129450ed4766831444131", "side": "BUY", "size": 4.444443, "slug": "mlb-cws-bal-2026-06-29-total-8pt5", "timestamp": "2026-06-29T19:26:59Z", "token_id": "33684109643901290635295994972498607425380110236701541517530218977691551868684", "transaction_hash": "0x8d9078a5698782fbf7d203f693f4af2b1254eea20e068861541e21654cb21ae1"}, {"condition_id": "0x1f33b6429abfb34d616028f494334af03c8d64383340a8324f0fb3d79458be50", "id": "0x751f757e03c4a271e34c078a4742de837c06d20ec6ec5fd6781af03a0559f051_0x66f6b6599b811f418ccc896abddf53d8e9f2848a0a96e18750bb06a64f7a82ad", "outcome": "Over", "price": 0.5499999999999999, "proxy_wallet": "0x4658515faa6bddcba47129450ed4766831444131", "side": "BUY", "size": 6, "slug": "mlb-cws-bal-2026-06-29-total-8pt5", "timestamp": "2026-06-29T19:26:56Z", "token_id": "33684109643901290635295994972498607425380110236701541517530218977691551868684", "transaction_hash": "0x751f757e03c4a271e34c078a4742de837c06d20ec6ec5fd6781af03a0559f051"}, {"condition_id": "0x1f33b6429abfb34d616028f494334af03c8d64383340a8324f0fb3d79458be50", "id": "0x92adbe9bdb1a08e57c509d705644afb252bc80ea18f0039ab7046cbc0d714985_0x66f6b6599b811f418ccc896abddf53d8e9f2848a0a96e18750bb06a64f7a82ad", "outcome": "Over", "price": 0.55, "proxy_wallet": "0x4658515faa6bddcba47129450ed4766831444131", "side": "BUY", "size": 45.4, "slug": "mlb-cws-bal-2026-06-29-total-8pt5", "timestamp": "2026-06-29T19:26:55Z", "token_id": "33684109643901290635295994972498607425380110236701541517530218977691551868684", "transaction_hash": "0x92adbe9bdb1a08e57c509d705644afb252bc80ea18f0039ab7046cbc0d714985"}, {"condition_id": "0x1f33b6429abfb34d616028f494334af03c8d64383340a8324f0fb3d79458be50", "id": "0xc943dfabc2bb3ec91b6cb5c53d5db2e7963a7104b7ea16b11ee710c6027e9b85_0x66f6b6599b811f418ccc896abddf53d8e9f2848a0a96e18750bb06a64f7a82ad", "outcome": "Over", "price": 0.5500000065533986, "proxy_wallet": "0x4658515faa6bddcba47129450ed4766831444131", "side": "BUY", "size": 22.888887, "slug": "mlb-cws-bal-2026-06-29-total-8pt5", "timestamp": "2026-06-29T19:26:55Z", "token_id": "33684109643901290635295994972498607425380110236701541517530218977691551868684", "transaction_hash": "0xc943dfabc2bb3ec91b6cb5c53d5db2e7963a7104b7ea16b11ee710c6027e9b85"}, {"condition_id": "0x1f33b6429abfb34d616028f494334af03c8d64383340a8324f0fb3d79458be50", "id": "0x2cdbe12e7aaf52aed41dee0c5da59e0385b39a10c0540fbc2e4d0d2a89fa194f_0x66f6b6599b811f418ccc896abddf53d8e9f2848a0a96e18750bb06a64f7a82ad", "outcome": "Over", "price": 0.5500000450000045, "proxy_wallet": "0x4658515faa6bddcba47129450ed4766831444131", "side": "BUY", "size": 11.11111, "slug": "mlb-cws-bal-2026-06-29-total-8pt5", "timestamp": "2026-06-29T19:26:55Z", "token_id": "33684109643901290635295994972498607425380110236701541517530218977691551868684", "transaction_hash": "0x2cdbe12e7aaf52aed41dee0c5da59e0385b39a10c0540fbc2e4d0d2a89fa194f"}, {"condition_id": "0x1f33b6429abfb34d616028f494334af03c8d64383340a8324f0fb3d79458be50", "id": "0x8d5eeb5edb9baf215f1110c15048a689fcb718897d23246c83057fe691a6eb7d_0x66f6b6599b811f418ccc896abddf53d8e9f2848a0a96e18750bb06a64f7a82ad", "outcome": "Over", "price": 0.5500000792253661, "proxy_wallet": "0x4658515faa6bddcba47129450ed4766831444131", "side": "BUY", "size": 6.31111, "slug": "mlb-cws-bal-2026-06-29-total-8pt5", "timestamp": "2026-06-29T19:26:53Z", "token_id": "33684109643901290635295994972498607425380110236701541517530218977691551868684", "transaction_hash": "0x8d5eeb5edb9baf215f1110c15048a689fcb718897d23246c83057fe691a6eb7d"}, {"condition_id": "0x1f33b6429abfb34d616028f494334af03c8d64383340a8324f0fb3d79458be50", "id": "0xa2934b249bbab78c7c8d91fa85e23fffaf15c9740623f900d69d6248006eeaf2_0x66f6b6599b811f418ccc896abddf53d8e9f2848a0a96e18750bb06a64f7a82ad", "outcome": "Over", "price": 0.5500000029380614, "proxy_wallet": "0x4658515faa6bddcba47129450ed4766831444131", "side": "BUY", "size": 153.162221, "slug": "mlb-cws-bal-2026-06-29-total-8pt5", "timestamp": "2026-06-29T19:26:52Z", "token_id": "33684109643901290635295994972498607425380110236701541517530218977691551868684", "transaction_hash": "0xa2934b249bbab78c7c8d91fa85e23fffaf15c9740623f900d69d6248006eeaf2"}, {"condition_id": "0x85d69574cd4810096cd407aa82422f534648399a8032fb198d62f15980954099", "id": "0x7c111f7310b4908cc8001cac45fa3ac8b475f903c0f4ac2132b2181b8795c182_0xadb1fb5d195ed09a5da1ae37987d2fa99f99d4bf15c271130f4b804d7925e5d4", "outcome": "Under", "price": 0.5399999999999999, "proxy_wallet": "0x4658515faa6bddcba47129450ed4766831444131", "side": "BUY", "size": 30, "slug": "mlb-sf-ari-2026-06-29-total-9pt5", "timestamp": "2026-06-29T14:24:31Z", "token_id": "39214573591200305321975231597156893239703135578050042024316505211216668207945", "transaction_hash": "0x7c111f7310b4908cc8001cac45fa3ac8b475f903c0f4ac2132b2181b8795c182"}], "polled_at": "2026-07-02T01:49:29.989541+00:00"}