{"wallet": "0xa71093cafc0c099b4ccab24c3cb8018d817923c4", "total_trades_90d": 200, "mlb_trades_count": 50, "mlb_condition_ids": ["0x293aa18bd50ec49cefc2a185332b7ab53765ac0eee8aed6b755d082a06bd5d49"], "mlb_trade_details": [{"condition_id": "0x293aa18bd50ec49cefc2a185332b7ab53765ac0eee8aed6b755d082a06bd5d49", "id": "0x332a9aa7442c367cd80c20b76c11d6dd7a27354670a681ebb0367ecaaf0de8de_0x37106bf6a997b98362bfd351b58cb7e5f58cabf836302a5d213c635ff9807edf", "outcome": "Arizona Diamondbacks", "price": 0.54, "proxy_wallet": "0xa71093cafc0c099b4ccab24c3cb8018d817923c4", "side": "BUY", "size": 10.86, "slug": "mlb-sf-ari-2026-07-01", "timestamp": "2026-07-02T00:59:32Z", "token_id": "1764912591675393443095347989967658067337153959776490141908931674394171045089", "transaction_hash": "0x332a9aa7442c367cd80c20b76c11d6dd7a27354670a681ebb0367ecaaf0de8de"}, {"condition_id": "0x293aa18bd50ec49cefc2a185332b7ab53765ac0eee8aed6b755d082a06bd5d49", "id": "0xea147e1abd2ef0274facdc4459a0aa366aef0c5e9fca4beea327b2833a0381f7_0x37106bf6a997b98362bfd351b58cb7e5f58cabf836302a5d213c635ff9807edf", "outcome": "Arizona Diamondbacks", "price": 0.5400000042320001, "proxy_wallet": "0xa71093cafc0c099b4ccab24c3cb8018d817923c4", "side": "BUY", "size": 108.695651, "slug": "mlb-sf-ari-2026-07-01", "timestamp": "2026-07-02T00:58:52Z", "token_id": "1764912591675393443095347989967658067337153959776490141908931674394171045089", "transaction_hash": "0xea147e1abd2ef0274facdc4459a0aa366aef0c5e9fca4beea327b2833a0381f7"}, {"condition_id": "0x293aa18bd50ec49cefc2a185332b7ab53765ac0eee8aed6b755d082a06bd5d49", "id": "0xc2056a59aaf514b25907974cab1cef12ab071cc4374ebd2c45235867f0dc1feb_0x37106bf6a997b98362bfd351b58cb7e5f58cabf836302a5d213c635ff9807edf", "outcome": "Arizona Diamondbacks", "price": 0.54, "proxy_wallet": "0xa71093cafc0c099b4ccab24c3cb8018d817923c4", "side": "BUY", "size": 10.86, "slug": "mlb-sf-ari-2026-07-01", "timestamp": "2026-07-02T00:57:47Z", "token_id": "1764912591675393443095347989967658067337153959776490141908931674394171045089", "transaction_hash": "0xc2056a59aaf514b25907974cab1cef12ab071cc4374ebd2c45235867f0dc1feb"}, {"condition_id": "0x293aa18bd50ec49cefc2a185332b7ab53765ac0eee8aed6b755d082a06bd5d49", "id": "0x4047e4d975501db17a3fab0b2b2fcd047ecf1af5ea707399e202410cc2151378_0x37106bf6a997b98362bfd351b58cb7e5f58cabf836302a5d213c635ff9807edf", "outcome": "Arizona Diamondbacks", "price": 0.54, "proxy_wallet": "0xa71093cafc0c099b4ccab24c3cb8018d817923c4", "side": "BUY", "size": 10.86, "slug": "mlb-sf-ari-2026-07-01", "timestamp": "2026-07-02T00:56:01Z", "token_id": "1764912591675393443095347989967658067337153959776490141908931674394171045089", "transaction_hash": "0x4047e4d975501db17a3fab0b2b2fcd047ecf1af5ea707399e202410cc2151378"}, {"condition_id": "0x293aa18bd50ec49cefc2a185332b7ab53765ac0eee8aed6b755d082a06bd5d49", "id": "0xd078edf7d370ad9ae60747c24b7796acb7e1a5b43eb6305dffe0f3afa2329929_0x37106bf6a997b98362bfd351b58cb7e5f58cabf836302a5d213c635ff9807edf", "outcome": "Arizona Diamondbacks", "price": 0.54, "proxy_wallet": "0xa71093cafc0c099b4ccab24c3cb8018d817923c4", "side": "BUY", "size": 10.86, "slug": "mlb-sf-ari-2026-07-01", "timestamp": "2026-07-02T00:54:16Z", "token_id": "1764912591675393443095347989967658067337153959776490141908931674394171045089", "transaction_hash": "0xd078edf7d370ad9ae60747c24b7796acb7e1a5b43eb6305dffe0f3afa2329929"}, {"condition_id": "0x293aa18bd50ec49cefc2a185332b7ab53765ac0eee8aed6b755d082a06bd5d49", "id": "0x0695aa34309dc1592274489f21b3ccbc7fd0e2c863f1067b833a0ee3a302976e_0x37106bf6a997b98362bfd351b58cb7e5f58cabf836302a5d213c635ff9807edf", "outcome": "Arizona Diamondbacks", "price": 0.54, "proxy_wallet": "0xa71093cafc0c099b4ccab24c3cb8018d817923c4", "side": "BUY", "size": 10.86, "slug": "mlb-sf-ari-2026-07-01", "timestamp": "2026-07-02T00:52:31Z", "token_id": "1764912591675393443095347989967658067337153959776490141908931674394171045089", "transaction_hash": "0x0695aa34309dc1592274489f21b3ccbc7fd0e2c863f1067b833a0ee3a302976e"}, {"condition_id": "0x293aa18bd50ec49cefc2a185332b7ab53765ac0eee8aed6b755d082a06bd5d49", "id": "0xdc74a773a5725dde69547c1494b363825adb1737922c3254f947d13074ff264c_0x37106bf6a997b98362bfd351b58cb7e5f58cabf836302a5d213c635ff9807edf", "outcome": "Arizona Diamondbacks", "price": 0.54, "proxy_wallet": "0xa71093cafc0c099b4ccab24c3cb8018d817923c4", "side": "BUY", "size": 10.86, "slug": "mlb-sf-ari-2026-07-01", "timestamp": "2026-07-02T00:50:44Z", "token_id": "1764912591675393443095347989967658067337153959776490141908931674394171045089", "transaction_hash": "0xdc74a773a5725dde69547c1494b363825adb1737922c3254f947d13074ff264c"}, {"condition_id": "0x293aa18bd50ec49cefc2a185332b7ab53765ac0eee8aed6b755d082a06bd5d49", "id": "0xa79ad9737f1ec83068e84d0dd885bef1692bc3b1b3a11021f956a1f643a56482_0x37106bf6a997b98362bfd351b58cb7e5f58cabf836302a5d213c635ff9807edf", "outcome": "Arizona Diamondbacks", "price": 0.54, "proxy_wallet": "0xa71093cafc0c099b4ccab24c3cb8018d817923c4", "side": "BUY", "size": 10.86, "slug": "mlb-sf-ari-2026-07-01", "timestamp": "2026-07-02T00:48:58Z", "token_id": "1764912591675393443095347989967658067337153959776490141908931674394171045089", "transaction_hash": "0xa79ad9737f1ec83068e84d0dd885bef1692bc3b1b3a11021f956a1f643a56482"}, {"condition_id": "0x293aa18bd50ec49cefc2a185332b7ab53765ac0eee8aed6b755d082a06bd5d49", "id": "0xc038766d7d78544e11552bc39e871dcad511ba2358efc6d56ac33fd2deaf479e_0x37106bf6a997b98362bfd351b58cb7e5f58cabf836302a5d213c635ff9807edf", "outcome": "Arizona Diamondbacks", "price": 0.54, "proxy_wallet": "0xa71093cafc0c099b4ccab24c3cb8018d817923c4", "side": "BUY", "size": 10.86, "slug": "mlb-sf-ari-2026-07-01", "timestamp": "2026-07-02T00:47:14Z", "token_id": "1764912591675393443095347989967658067337153959776490141908931674394171045089", "transaction_hash": "0xc038766d7d78544e11552bc39e871dcad511ba2358efc6d56ac33fd2deaf479e"}, {"condition_id": "0x293aa18bd50ec49cefc2a185332b7ab53765ac0eee8aed6b755d082a06bd5d49", "id": "0x77cbc9f5ca653bfed189eae989d3dc3a7a2a52e8d0eb2b36ea5427a44bfbf580_0x37106bf6a997b98362bfd351b58cb7e5f58cabf836302a5d213c635ff9807edf", "outcome": "Arizona Diamondbacks", "price": 0.54, "proxy_wallet": "0xa71093cafc0c099b4ccab24c3cb8018d817923c4", "side": "BUY", "size": 10, "slug": "mlb-sf-ari-2026-07-01", "timestamp": "2026-07-02T00:46:46Z", "token_id": "1764912591675393443095347989967658067337153959776490141908931674394171045089", "transaction_hash": "0x77cbc9f5ca653bfed189eae989d3dc3a7a2a52e8d0eb2b36ea5427a44bfbf580"}, {"condition_id": "0x293aa18bd50ec49cefc2a185332b7ab53765ac0eee8aed6b755d082a06bd5d49", "id": "0x33cc4a828f4d3e31319d3c1f4427c37ae05d5fd339cb579b8d490d3dfd417985_0x37106bf6a997b98362bfd351b58cb7e5f58cabf836302a5d213c635ff9807edf", "outcome": "Arizona Diamondbacks", "price": 0.54, "proxy_wallet": "0xa71093cafc0c099b4ccab24c3cb8018d817923c4", "side": "BUY", "size": 10.86, "slug": "mlb-sf-ari-2026-07-01", "timestamp": "2026-07-02T00:45:26Z", "token_id": "1764912591675393443095347989967658067337153959776490141908931674394171045089", "transaction_hash": "0x33cc4a828f4d3e31319d3c1f4427c37ae05d5fd339cb579b8d490d3dfd417985"}, {"condition_id": "0x293aa18bd50ec49cefc2a185332b7ab53765ac0eee8aed6b755d082a06bd5d49", "id": "0x1991d8a0e093f810ffe199400028868705699a30ed293a2a2bfce0cb771d91d6_0x37106bf6a997b98362bfd351b58cb7e5f58cabf836302a5d213c635ff9807edf", "outcome": "Arizona Diamondbacks", "price": 0.54, "proxy_wallet": "0xa71093cafc0c099b4ccab24c3cb8018d817923c4", "side": "BUY", "size": 203.8, "slug": "mlb-sf-ari-2026-07-01", "timestamp": "2026-07-02T00:44:08Z", "token_id": "1764912591675393443095347989967658067337153959776490141908931674394171045089", "transaction_hash": "0x1991d8a0e093f810ffe199400028868705699a30ed293a2a2bfce0cb771d91d6"}, {"condition_id": "0x293aa18bd50ec49cefc2a185332b7ab53765ac0eee8aed6b755d082a06bd5d49", "id": "0x32bd6a8ea96e86599a5495d70578897c550d22020a3668138680c9a023dc675c_0x37106bf6a997b98362bfd351b58cb7e5f58cabf836302a5d213c635ff9807edf", "outcome": "Arizona Diamondbacks", "price": 0.54, "proxy_wallet": "0xa71093cafc0c099b4ccab24c3cb8018d817923c4", "side": "BUY", "size": 10.86, "slug": "mlb-sf-ari-2026-07-01", "timestamp": "2026-07-02T00:43:40Z", "token_id": "1764912591675393443095347989967658067337153959776490141908931674394171045089", "transaction_hash": "0x32bd6a8ea96e86599a5495d70578897c550d22020a3668138680c9a023dc675c"}, {"condition_id": "0x293aa18bd50ec49cefc2a185332b7ab53765ac0eee8aed6b755d082a06bd5d49", "id": "0xaca6ce2144daa800a6fb8cbf2280942877005bc489ff2603feb076b14bcd64a0_0x37106bf6a997b98362bfd351b58cb7e5f58cabf836302a5d213c635ff9807edf", "outcome": "Arizona Diamondbacks", "price": 0.54, "proxy_wallet": "0xa71093cafc0c099b4ccab24c3cb8018d817923c4", "side": "BUY", "size": 10.86, "slug": "mlb-sf-ari-2026-07-01", "timestamp": "2026-07-02T00:41:56Z", "token_id": "1764912591675393443095347989967658067337153959776490141908931674394171045089", "transaction_hash": "0xaca6ce2144daa800a6fb8cbf2280942877005bc489ff2603feb076b14bcd64a0"}, {"condition_id": "0x293aa18bd50ec49cefc2a185332b7ab53765ac0eee8aed6b755d082a06bd5d49", "id": "0x1f40d169faf52b9203a9b891bafcae6a46c7dd67b3737d4c637bdbaedbe57bff_0x37106bf6a997b98362bfd351b58cb7e5f58cabf836302a5d213c635ff9807edf", "outcome": "Arizona Diamondbacks", "price": 0.5400000377183637, "proxy_wallet": "0xa71093cafc0c099b4ccab24c3cb8018d817923c4", "side": "BUY", "size": 12.195651, "slug": "mlb-sf-ari-2026-07-01", "timestamp": "2026-07-02T00:40:28Z", "token_id": "1764912591675393443095347989967658067337153959776490141908931674394171045089", "transaction_hash": "0x1f40d169faf52b9203a9b891bafcae6a46c7dd67b3737d4c637bdbaedbe57bff"}, {"condition_id": "0x293aa18bd50ec49cefc2a185332b7ab53765ac0eee8aed6b755d082a06bd5d49", "id": "0xe9d56e0ec477445e62d5249ea91ffc27c7c4920ba1984c931a54c121d9655824_0x37106bf6a997b98362bfd351b58cb7e5f58cabf836302a5d213c635ff9807edf", "outcome": "Arizona Diamondbacks", "price": 0.54, "proxy_wallet": "0xa71093cafc0c099b4ccab24c3cb8018d817923c4", "side": "BUY", "size": 10.86, "slug": "mlb-sf-ari-2026-07-01", "timestamp": "2026-07-02T00:40:10Z", "token_id": "1764912591675393443095347989967658067337153959776490141908931674394171045089", "transaction_hash": "0xe9d56e0ec477445e62d5249ea91ffc27c7c4920ba1984c931a54c121d9655824"}, {"condition_id": "0x293aa18bd50ec49cefc2a185332b7ab53765ac0eee8aed6b755d082a06bd5d49", "id": "0x6db76d4f2a3d6d9463d0dfb9fd729c437674c373a6ff962f069f024def662ecb_0x37106bf6a997b98362bfd351b58cb7e5f58cabf836302a5d213c635ff9807edf", "outcome": "Arizona Diamondbacks", "price": 0.54, "proxy_wallet": "0xa71093cafc0c099b4ccab24c3cb8018d817923c4", "side": "BUY", "size": 10.86, "slug": "mlb-sf-ari-2026-07-01", "timestamp": "2026-07-02T00:38:23Z", "token_id": "1764912591675393443095347989967658067337153959776490141908931674394171045089", "transaction_hash": "0x6db76d4f2a3d6d9463d0dfb9fd729c437674c373a6ff962f069f024def662ecb"}, {"condition_id": "0x293aa18bd50ec49cefc2a185332b7ab53765ac0eee8aed6b755d082a06bd5d49", "id": "0x6fd8653aa8536ae851da4a216d858fe461f9a24f23c1da36c7b59bda27ac9bac_0x37106bf6a997b98362bfd351b58cb7e5f58cabf836302a5d213c635ff9807edf", "outcome": "Arizona Diamondbacks", "price": 0.54, "proxy_wallet": "0xa71093cafc0c099b4ccab24c3cb8018d817923c4", "side": "BUY", "size": 10.86, "slug": "mlb-sf-ari-2026-07-01", "timestamp": "2026-07-02T00:36:38Z", "token_id": "1764912591675393443095347989967658067337153959776490141908931674394171045089", "transaction_hash": "0x6fd8653aa8536ae851da4a216d858fe461f9a24f23c1da36c7b59bda27ac9bac"}, {"condition_id": "0x293aa18bd50ec49cefc2a185332b7ab53765ac0eee8aed6b755d082a06bd5d49", "id": "0xce4a565f7763ab478ee2798de7c6cb30aed60cc4a868e2edd556dc1c1c5e33dd_0x37106bf6a997b98362bfd351b58cb7e5f58cabf836302a5d213c635ff9807edf", "outcome": "Arizona Diamondbacks", "price": 0.54, "proxy_wallet": "0xa71093cafc0c099b4ccab24c3cb8018d817923c4", "side": "BUY", "size": 10.86, "slug": "mlb-sf-ari-2026-07-01", "timestamp": "2026-07-02T00:34:50Z", "token_id": "1764912591675393443095347989967658067337153959776490141908931674394171045089", "transaction_hash": "0xce4a565f7763ab478ee2798de7c6cb30aed60cc4a868e2edd556dc1c1c5e33dd"}, {"condition_id": "0x293aa18bd50ec49cefc2a185332b7ab53765ac0eee8aed6b755d082a06bd5d49", "id": "0x1cf9fd22212a407e5d2b915536eda5fd7c1b5d22c525a3ef8037144589315f5c_0x37106bf6a997b98362bfd351b58cb7e5f58cabf836302a5d213c635ff9807edf", "outcome": "Arizona Diamondbacks", "price": 0.54, "proxy_wallet": "0xa71093cafc0c099b4ccab24c3cb8018d817923c4", "side": "BUY", "size": 10.86, "slug": "mlb-sf-ari-2026-07-01", "timestamp": "2026-07-02T00:33:05Z", "token_id": "1764912591675393443095347989967658067337153959776490141908931674394171045089", "transaction_hash": "0x1cf9fd22212a407e5d2b915536eda5fd7c1b5d22c525a3ef8037144589315f5c"}, {"condition_id": "0x293aa18bd50ec49cefc2a185332b7ab53765ac0eee8aed6b755d082a06bd5d49", "id": "0xb4fd131fce6a7802b19ec51874eef5043d9c1a1b700e98710d9ee5be22f91c26_0x37106bf6a997b98362bfd351b58cb7e5f58cabf836302a5d213c635ff9807edf", "outcome": "Arizona Diamondbacks", "price": 0.54, "proxy_wallet": "0xa71093cafc0c099b4ccab24c3cb8018d817923c4", "side": "BUY", "size": 10.86, "slug": "mlb-sf-ari-2026-07-01", "timestamp": "2026-07-02T00:31:22Z", "token_id": "1764912591675393443095347989967658067337153959776490141908931674394171045089", "transaction_hash": "0xb4fd131fce6a7802b19ec51874eef5043d9c1a1b700e98710d9ee5be22f91c26"}, {"condition_id": "0x293aa18bd50ec49cefc2a185332b7ab53765ac0eee8aed6b755d082a06bd5d49", "id": "0xd4af79ad4b0ab2335942216a61a85b258c20a2a7bd307cfa2f6842b79baa578e_0x37106bf6a997b98362bfd351b58cb7e5f58cabf836302a5d213c635ff9807edf", "outcome": "Arizona Diamondbacks", "price": 0.54, "proxy_wallet": "0xa71093cafc0c099b4ccab24c3cb8018d817923c4", "side": "BUY", "size": 10.86, "slug": "mlb-sf-ari-2026-07-01", "timestamp": "2026-07-02T00:29:37Z", "token_id": "1764912591675393443095347989967658067337153959776490141908931674394171045089", "transaction_hash": "0xd4af79ad4b0ab2335942216a61a85b258c20a2a7bd307cfa2f6842b79baa578e"}, {"condition_id": "0x293aa18bd50ec49cefc2a185332b7ab53765ac0eee8aed6b755d082a06bd5d49", "id": "0x6e7019c0856f54174e411f42c4726dd4c9ad0ec011d1102c6c880d00ccaee12d_0x37106bf6a997b98362bfd351b58cb7e5f58cabf836302a5d213c635ff9807edf", "outcome": "Arizona Diamondbacks", "price": 0.54, "proxy_wallet": "0xa71093cafc0c099b4ccab24c3cb8018d817923c4", "side": "BUY", "size": 10.86, "slug": "mlb-sf-ari-2026-07-01", "timestamp": "2026-07-02T00:27:47Z", "token_id": "1764912591675393443095347989967658067337153959776490141908931674394171045089", "transaction_hash": "0x6e7019c0856f54174e411f42c4726dd4c9ad0ec011d1102c6c880d00ccaee12d"}, {"condition_id": "0x293aa18bd50ec49cefc2a185332b7ab53765ac0eee8aed6b755d082a06bd5d49", "id": "0x1503b927b1d78998e5c8cea59523a8be4ddd93b3356153ddd0a06f4f35985d0b_0x37106bf6a997b98362bfd351b58cb7e5f58cabf836302a5d213c635ff9807edf", "outcome": "Arizona Diamondbacks", "price": 0.54, "proxy_wallet": "0xa71093cafc0c099b4ccab24c3cb8018d817923c4", "side": "BUY", "size": 10.86, "slug": "mlb-sf-ari-2026-07-01", "timestamp": "2026-07-02T00:26:04Z", "token_id": "1764912591675393443095347989967658067337153959776490141908931674394171045089", "transaction_hash": "0x1503b927b1d78998e5c8cea59523a8be4ddd93b3356153ddd0a06f4f35985d0b"}, {"condition_id": "0x293aa18bd50ec49cefc2a185332b7ab53765ac0eee8aed6b755d082a06bd5d49", "id": "0x1000b10875e29317dea2ca6d4e5d0f09bd54165289817eccf325ddaa98454aa9_0x37106bf6a997b98362bfd351b58cb7e5f58cabf836302a5d213c635ff9807edf", "outcome": "Arizona Diamondbacks", "price": 0.54, "proxy_wallet": "0xa71093cafc0c099b4ccab24c3cb8018d817923c4", "side": "BUY", "size": 10.86, "slug": "mlb-sf-ari-2026-07-01", "timestamp": "2026-07-02T00:24:17Z", "token_id": "1764912591675393443095347989967658067337153959776490141908931674394171045089", "transaction_hash": "0x1000b10875e29317dea2ca6d4e5d0f09bd54165289817eccf325ddaa98454aa9"}, {"condition_id": "0x293aa18bd50ec49cefc2a185332b7ab53765ac0eee8aed6b755d082a06bd5d49", "id": "0x6420dcbe020b890b884415a27c1194c9a8a5626d3dc6b209bf0fc666e8942931_0x37106bf6a997b98362bfd351b58cb7e5f58cabf836302a5d213c635ff9807edf", "outcome": "Arizona Diamondbacks", "price": 0.54, "proxy_wallet": "0xa71093cafc0c099b4ccab24c3cb8018d817923c4", "side": "BUY", "size": 21.74, "slug": "mlb-sf-ari-2026-07-01", "timestamp": "2026-07-02T00:23:25Z", "token_id": "1764912591675393443095347989967658067337153959776490141908931674394171045089", "transaction_hash": "0x6420dcbe020b890b884415a27c1194c9a8a5626d3dc6b209bf0fc666e8942931"}, {"condition_id": "0x293aa18bd50ec49cefc2a185332b7ab53765ac0eee8aed6b755d082a06bd5d49", "id": "0x41cfb7a7382cccf62b58c542462957b5b7ee6dbf623b96ff3751fa05d5bcae50_0x37106bf6a997b98362bfd351b58cb7e5f58cabf836302a5d213c635ff9807edf", "outcome": "Arizona Diamondbacks", "price": 0.54, "proxy_wallet": "0xa71093cafc0c099b4ccab24c3cb8018d817923c4", "side": "BUY", "size": 2563.91, "slug": "mlb-sf-ari-2026-07-01", "timestamp": "2026-07-02T00:23:23Z", "token_id": "1764912591675393443095347989967658067337153959776490141908931674394171045089", "transaction_hash": "0x41cfb7a7382cccf62b58c542462957b5b7ee6dbf623b96ff3751fa05d5bcae50"}, {"condition_id": "0x293aa18bd50ec49cefc2a185332b7ab53765ac0eee8aed6b755d082a06bd5d49", "id": "0x2c029d56e3c2c0fc5baf15303377362c8e8b5c50462491d092f782656a04a675_0x37106bf6a997b98362bfd351b58cb7e5f58cabf836302a5d213c635ff9807edf", "outcome": "Arizona Diamondbacks", "price": 0.54, "proxy_wallet": "0xa71093cafc0c099b4ccab24c3cb8018d817923c4", "side": "BUY", "size": 10.86, "slug": "mlb-sf-ari-2026-07-01", "timestamp": "2026-07-02T00:22:31Z", "token_id": "1764912591675393443095347989967658067337153959776490141908931674394171045089", "transaction_hash": "0x2c029d56e3c2c0fc5baf15303377362c8e8b5c50462491d092f782656a04a675"}, {"condition_id": "0x293aa18bd50ec49cefc2a185332b7ab53765ac0eee8aed6b755d082a06bd5d49", "id": "0xf34846d8849d089e6b84a94ab3c5070cea7facc6182a2ed62dbbca4d2c0634f1_0x37106bf6a997b98362bfd351b58cb7e5f58cabf836302a5d213c635ff9807edf", "outcome": "Arizona Diamondbacks", "price": 0.5400000034171428, "proxy_wallet": "0xa71093cafc0c099b4ccab24c3cb8018d817923c4", "side": "BUY", "size": 152.173912, "slug": "mlb-sf-ari-2026-07-01", "timestamp": "2026-07-02T00:21:20Z", "token_id": "1764912591675393443095347989967658067337153959776490141908931674394171045089", "transaction_hash": "0xf34846d8849d089e6b84a94ab3c5070cea7facc6182a2ed62dbbca4d2c0634f1"}, {"condition_id": "0x293aa18bd50ec49cefc2a185332b7ab53765ac0eee8aed6b755d082a06bd5d49", "id": "0x2c46d2be21cf4d33df3dbed9a0815ae5e6fcbb40c2a0c1031902c2aa9a28fe01_0x37106bf6a997b98362bfd351b58cb7e5f58cabf836302a5d213c635ff9807edf", "outcome": "Arizona Diamondbacks", "price": 0.54, "proxy_wallet": "0xa71093cafc0c099b4ccab24c3cb8018d817923c4", "side": "BUY", "size": 10.86, "slug": "mlb-sf-ari-2026-07-01", "timestamp": "2026-07-02T00:20:46Z", "token_id": "1764912591675393443095347989967658067337153959776490141908931674394171045089", "transaction_hash": "0x2c46d2be21cf4d33df3dbed9a0815ae5e6fcbb40c2a0c1031902c2aa9a28fe01"}, {"condition_id": "0x293aa18bd50ec49cefc2a185332b7ab53765ac0eee8aed6b755d082a06bd5d49", "id": "0xc9cda8c1dfa708c4b9111ba8bb02d22ebab87947ce3ecec5ea01a47ee130b84b_0x37106bf6a997b98362bfd351b58cb7e5f58cabf836302a5d213c635ff9807edf", "outcome": "Arizona Diamondbacks", "price": 0.5400000042320001, "proxy_wallet": "0xa71093cafc0c099b4ccab24c3cb8018d817923c4", "side": "BUY", "size": 108.695651, "slug": "mlb-sf-ari-2026-07-01", "timestamp": "2026-07-02T00:20:38Z", "token_id": "1764912591675393443095347989967658067337153959776490141908931674394171045089", "transaction_hash": "0xc9cda8c1dfa708c4b9111ba8bb02d22ebab87947ce3ecec5ea01a47ee130b84b"}, {"condition_id": "0x293aa18bd50ec49cefc2a185332b7ab53765ac0eee8aed6b755d082a06bd5d49", "id": "0x52c50916b7159378f7935d506967ba38ad56577cb9509e61aa7a9de35f7c2183_0x37106bf6a997b98362bfd351b58cb7e5f58cabf836302a5d213c635ff9807edf", "outcome": "Arizona Diamondbacks", "price": 0.54, "proxy_wallet": "0xa71093cafc0c099b4ccab24c3cb8018d817923c4", "side": "BUY", "size": 10.86, "slug": "mlb-sf-ari-2026-07-01", "timestamp": "2026-07-02T00:18:59Z", "token_id": "1764912591675393443095347989967658067337153959776490141908931674394171045089", "transaction_hash": "0x52c50916b7159378f7935d506967ba38ad56577cb9509e61aa7a9de35f7c2183"}, {"condition_id": "0x293aa18bd50ec49cefc2a185332b7ab53765ac0eee8aed6b755d082a06bd5d49", "id": "0x87cc77f538e382a1dca66cb0e697098d341082cdfbfa81200b257760c05d10cc_0x37106bf6a997b98362bfd351b58cb7e5f58cabf836302a5d213c635ff9807edf", "outcome": "Arizona Diamondbacks", "price": 0.54, "proxy_wallet": "0xa71093cafc0c099b4ccab24c3cb8018d817923c4", "side": "BUY", "size": 10.86, "slug": "mlb-sf-ari-2026-07-01", "timestamp": "2026-07-02T00:17:14Z", "token_id": "1764912591675393443095347989967658067337153959776490141908931674394171045089", "transaction_hash": "0x87cc77f538e382a1dca66cb0e697098d341082cdfbfa81200b257760c05d10cc"}, {"condition_id": "0x293aa18bd50ec49cefc2a185332b7ab53765ac0eee8aed6b755d082a06bd5d49", "id": "0x3dae8e513de30ff29df252dc5d5aa6791c19640c7957940da7494985a35c00cb_0x37106bf6a997b98362bfd351b58cb7e5f58cabf836302a5d213c635ff9807edf", "outcome": "Arizona Diamondbacks", "price": 0.54, "proxy_wallet": "0xa71093cafc0c099b4ccab24c3cb8018d817923c4", "side": "BUY", "size": 10.86, "slug": "mlb-sf-ari-2026-07-01", "timestamp": "2026-07-02T00:15:29Z", "token_id": "1764912591675393443095347989967658067337153959776490141908931674394171045089", "transaction_hash": "0x3dae8e513de30ff29df252dc5d5aa6791c19640c7957940da7494985a35c00cb"}, {"condition_id": "0x293aa18bd50ec49cefc2a185332b7ab53765ac0eee8aed6b755d082a06bd5d49", "id": "0x46f483a2106a1059f4a7ce83b4baa3a7a0f9bfd31fb17d5dacfb24aea63d23b0_0x37106bf6a997b98362bfd351b58cb7e5f58cabf836302a5d213c635ff9807edf", "outcome": "Arizona Diamondbacks", "price": 0.54, "proxy_wallet": "0xa71093cafc0c099b4ccab24c3cb8018d817923c4", "side": "BUY", "size": 10.86, "slug": "mlb-sf-ari-2026-07-01", "timestamp": "2026-07-02T00:13:41Z", "token_id": "1764912591675393443095347989967658067337153959776490141908931674394171045089", "transaction_hash": "0x46f483a2106a1059f4a7ce83b4baa3a7a0f9bfd31fb17d5dacfb24aea63d23b0"}, {"condition_id": "0x293aa18bd50ec49cefc2a185332b7ab53765ac0eee8aed6b755d082a06bd5d49", "id": "0x8c5c46c91e0b3a2df0f2e2b21b99efb2e762f72e2aeae7d93ad20c8dc14e28b1_0x37106bf6a997b98362bfd351b58cb7e5f58cabf836302a5d213c635ff9807edf", "outcome": "Arizona Diamondbacks", "price": 0.54, "proxy_wallet": "0xa71093cafc0c099b4ccab24c3cb8018d817923c4", "side": "BUY", "size": 10.86, "slug": "mlb-sf-ari-2026-07-01", "timestamp": "2026-07-02T00:11:56Z", "token_id": "1764912591675393443095347989967658067337153959776490141908931674394171045089", "transaction_hash": "0x8c5c46c91e0b3a2df0f2e2b21b99efb2e762f72e2aeae7d93ad20c8dc14e28b1"}, {"condition_id": "0x293aa18bd50ec49cefc2a185332b7ab53765ac0eee8aed6b755d082a06bd5d49", "id": "0xc51ccdb1e2270fc8789b4678a315efa4d11f970c3b2d80633827c90dfd21c5ad_0x37106bf6a997b98362bfd351b58cb7e5f58cabf836302a5d213c635ff9807edf", "outcome": "Arizona Diamondbacks", "price": 0.54, "proxy_wallet": "0xa71093cafc0c099b4ccab24c3cb8018d817923c4", "side": "BUY", "size": 10.86, "slug": "mlb-sf-ari-2026-07-01", "timestamp": "2026-07-02T00:10:13Z", "token_id": "1764912591675393443095347989967658067337153959776490141908931674394171045089", "transaction_hash": "0xc51ccdb1e2270fc8789b4678a315efa4d11f970c3b2d80633827c90dfd21c5ad"}, {"condition_id": "0x293aa18bd50ec49cefc2a185332b7ab53765ac0eee8aed6b755d082a06bd5d49", "id": "0x7a1d86565d0d5b6f9aa25557c6ea495b84844719daefea521ca5f8f74c2e6dca_0x37106bf6a997b98362bfd351b58cb7e5f58cabf836302a5d213c635ff9807edf", "outcome": "Arizona Diamondbacks", "price": 0.54, "proxy_wallet": "0xa71093cafc0c099b4ccab24c3cb8018d817923c4", "side": "BUY", "size": 10.86, "slug": "mlb-sf-ari-2026-07-01", "timestamp": "2026-07-02T00:08:25Z", "token_id": "1764912591675393443095347989967658067337153959776490141908931674394171045089", "transaction_hash": "0x7a1d86565d0d5b6f9aa25557c6ea495b84844719daefea521ca5f8f74c2e6dca"}, {"condition_id": "0x293aa18bd50ec49cefc2a185332b7ab53765ac0eee8aed6b755d082a06bd5d49", "id": "0x89828d9fc2ac0bb3e4e5ac129c8d676d47bad975279fa4ab82b2de3e9fd6e72f_0x37106bf6a997b98362bfd351b58cb7e5f58cabf836302a5d213c635ff9807edf", "outcome": "Arizona Diamondbacks", "price": 0.54, "proxy_wallet": "0xa71093cafc0c099b4ccab24c3cb8018d817923c4", "side": "BUY", "size": 10.86, "slug": "mlb-sf-ari-2026-07-01", "timestamp": "2026-07-02T00:06:38Z", "token_id": "1764912591675393443095347989967658067337153959776490141908931674394171045089", "transaction_hash": "0x89828d9fc2ac0bb3e4e5ac129c8d676d47bad975279fa4ab82b2de3e9fd6e72f"}, {"condition_id": "0x293aa18bd50ec49cefc2a185332b7ab53765ac0eee8aed6b755d082a06bd5d49", "id": "0x006e79186fc412122189d32da71bbdb2d24696f399e4546cad861425e8d91873_0x37106bf6a997b98362bfd351b58cb7e5f58cabf836302a5d213c635ff9807edf", "outcome": "Arizona Diamondbacks", "price": 0.54, "proxy_wallet": "0xa71093cafc0c099b4ccab24c3cb8018d817923c4", "side": "BUY", "size": 10.86, "slug": "mlb-sf-ari-2026-07-01", "timestamp": "2026-07-02T00:04:55Z", "token_id": "1764912591675393443095347989967658067337153959776490141908931674394171045089", "transaction_hash": "0x006e79186fc412122189d32da71bbdb2d24696f399e4546cad861425e8d91873"}, {"condition_id": "0x293aa18bd50ec49cefc2a185332b7ab53765ac0eee8aed6b755d082a06bd5d49", "id": "0x238775e7ea0f6389821c9dfb26573f1723514a38d8668c80db4acd3dcc71cb81_0x37106bf6a997b98362bfd351b58cb7e5f58cabf836302a5d213c635ff9807edf", "outcome": "Arizona Diamondbacks", "price": 0.54, "proxy_wallet": "0xa71093cafc0c099b4ccab24c3cb8018d817923c4", "side": "BUY", "size": 10.86, "slug": "mlb-sf-ari-2026-07-01", "timestamp": "2026-07-02T00:03:07Z", "token_id": "1764912591675393443095347989967658067337153959776490141908931674394171045089", "transaction_hash": "0x238775e7ea0f6389821c9dfb26573f1723514a38d8668c80db4acd3dcc71cb81"}, {"condition_id": "0x293aa18bd50ec49cefc2a185332b7ab53765ac0eee8aed6b755d082a06bd5d49", "id": "0x7d99f006466533c7d612de0fc0d20d44f893b844c8dd13d25836fa80af6d787a_0x37106bf6a997b98362bfd351b58cb7e5f58cabf836302a5d213c635ff9807edf", "outcome": "Arizona Diamondbacks", "price": 0.54, "proxy_wallet": "0xa71093cafc0c099b4ccab24c3cb8018d817923c4", "side": "BUY", "size": 10.86, "slug": "mlb-sf-ari-2026-07-01", "timestamp": "2026-07-02T00:01:23Z", "token_id": "1764912591675393443095347989967658067337153959776490141908931674394171045089", "transaction_hash": "0x7d99f006466533c7d612de0fc0d20d44f893b844c8dd13d25836fa80af6d787a"}, {"condition_id": "0x293aa18bd50ec49cefc2a185332b7ab53765ac0eee8aed6b755d082a06bd5d49", "id": "0x38539fa9cd29c7ab82af93937400097600b463dfdc98fd2f9f8fac6821498f98_0x37106bf6a997b98362bfd351b58cb7e5f58cabf836302a5d213c635ff9807edf", "outcome": "Arizona Diamondbacks", "price": 0.5399999999999999, "proxy_wallet": "0xa71093cafc0c099b4ccab24c3cb8018d817923c4", "side": "BUY", "size": 70, "slug": "mlb-sf-ari-2026-07-01", "timestamp": "2026-07-01T23:59:52Z", "token_id": "1764912591675393443095347989967658067337153959776490141908931674394171045089", "transaction_hash": "0x38539fa9cd29c7ab82af93937400097600b463dfdc98fd2f9f8fac6821498f98"}, {"condition_id": "0x293aa18bd50ec49cefc2a185332b7ab53765ac0eee8aed6b755d082a06bd5d49", "id": "0xc35d9d0bc46e1c7fefac6571a15a29d0376e81be7102e665b74300747420c585_0x37106bf6a997b98362bfd351b58cb7e5f58cabf836302a5d213c635ff9807edf", "outcome": "Arizona Diamondbacks", "price": 0.54, "proxy_wallet": "0xa71093cafc0c099b4ccab24c3cb8018d817923c4", "side": "BUY", "size": 10.86, "slug": "mlb-sf-ari-2026-07-01", "timestamp": "2026-07-01T23:59:37Z", "token_id": "1764912591675393443095347989967658067337153959776490141908931674394171045089", "transaction_hash": "0xc35d9d0bc46e1c7fefac6571a15a29d0376e81be7102e665b74300747420c585"}, {"condition_id": "0x293aa18bd50ec49cefc2a185332b7ab53765ac0eee8aed6b755d082a06bd5d49", "id": "0x72fd0aa18676fdcc3e7daea48c33e14359c711374eae851d1b362e54101334bc_0x37106bf6a997b98362bfd351b58cb7e5f58cabf836302a5d213c635ff9807edf", "outcome": "Arizona Diamondbacks", "price": 0.54, "proxy_wallet": "0xa71093cafc0c099b4ccab24c3cb8018d817923c4", "side": "BUY", "size": 10.86, "slug": "mlb-sf-ari-2026-07-01", "timestamp": "2026-07-01T23:57:50Z", "token_id": "1764912591675393443095347989967658067337153959776490141908931674394171045089", "transaction_hash": "0x72fd0aa18676fdcc3e7daea48c33e14359c711374eae851d1b362e54101334bc"}, {"condition_id": "0x293aa18bd50ec49cefc2a185332b7ab53765ac0eee8aed6b755d082a06bd5d49", "id": "0xad5dddc52b567d721ff4bbdbea315d234b1c0385644379f3ecda75afb07933dc_0x37106bf6a997b98362bfd351b58cb7e5f58cabf836302a5d213c635ff9807edf", "outcome": "Arizona Diamondbacks", "price": 0.54, "proxy_wallet": "0xa71093cafc0c099b4ccab24c3cb8018d817923c4", "side": "BUY", "size": 10.86, "slug": "mlb-sf-ari-2026-07-01", "timestamp": "2026-07-01T23:56:07Z", "token_id": "1764912591675393443095347989967658067337153959776490141908931674394171045089", "transaction_hash": "0xad5dddc52b567d721ff4bbdbea315d234b1c0385644379f3ecda75afb07933dc"}, {"condition_id": "0x293aa18bd50ec49cefc2a185332b7ab53765ac0eee8aed6b755d082a06bd5d49", "id": "0x25deb0cd5e3a6cd32bcfa172e60a811448d77ab6ec09b1c6ea43c4d02890be8c_0x37106bf6a997b98362bfd351b58cb7e5f58cabf836302a5d213c635ff9807edf", "outcome": "Arizona Diamondbacks", "price": 0.5400000404800045, "proxy_wallet": "0xa71093cafc0c099b4ccab24c3cb8018d817923c4", "side": "BUY", "size": 10.869564, "slug": "mlb-sf-ari-2026-07-01", "timestamp": "2026-07-01T23:56:05Z", "token_id": "1764912591675393443095347989967658067337153959776490141908931674394171045089", "transaction_hash": "0x25deb0cd5e3a6cd32bcfa172e60a811448d77ab6ec09b1c6ea43c4d02890be8c"}, {"condition_id": "0x293aa18bd50ec49cefc2a185332b7ab53765ac0eee8aed6b755d082a06bd5d49", "id": "0x389bf566f0decaa92f3564949cfb0d52f126ac39dd49da1358d3cc577ce167bf_0x37106bf6a997b98362bfd351b58cb7e5f58cabf836302a5d213c635ff9807edf", "outcome": "Arizona Diamondbacks", "price": 0.54, "proxy_wallet": "0xa71093cafc0c099b4ccab24c3cb8018d817923c4", "side": "BUY", "size": 10.86, "slug": "mlb-sf-ari-2026-07-01", "timestamp": "2026-07-01T23:54:20Z", "token_id": "1764912591675393443095347989967658067337153959776490141908931674394171045089", "transaction_hash": "0x389bf566f0decaa92f3564949cfb0d52f126ac39dd49da1358d3cc577ce167bf"}, {"condition_id": "0x293aa18bd50ec49cefc2a185332b7ab53765ac0eee8aed6b755d082a06bd5d49", "id": "0x1c0e0e8445fad75253ee0a5fc52656c4269076cd987b03f9b4840829fb6187f4_0x37106bf6a997b98362bfd351b58cb7e5f58cabf836302a5d213c635ff9807edf", "outcome": "Arizona Diamondbacks", "price": 0.54, "proxy_wallet": "0xa71093cafc0c099b4ccab24c3cb8018d817923c4", "side": "BUY", "size": 10.86, "slug": "mlb-sf-ari-2026-07-01", "timestamp": "2026-07-01T23:52:34Z", "token_id": "1764912591675393443095347989967658067337153959776490141908931674394171045089", "transaction_hash": "0x1c0e0e8445fad75253ee0a5fc52656c4269076cd987b03f9b4840829fb6187f4"}, {"condition_id": "0x293aa18bd50ec49cefc2a185332b7ab53765ac0eee8aed6b755d082a06bd5d49", "id": "0x4b7c303d6febde4db35149f53a4497b3bebba7a3c2c89b7607405b0cabd31335_0x37106bf6a997b98362bfd351b58cb7e5f58cabf836302a5d213c635ff9807edf", "outcome": "Arizona Diamondbacks", "price": 0.54, "proxy_wallet": "0xa71093cafc0c099b4ccab24c3cb8018d817923c4", "side": "BUY", "size": 10.86, "slug": "mlb-sf-ari-2026-07-01", "timestamp": "2026-07-01T23:50:47Z", "token_id": "1764912591675393443095347989967658067337153959776490141908931674394171045089", "transaction_hash": "0x4b7c303d6febde4db35149f53a4497b3bebba7a3c2c89b7607405b0cabd31335"}], "polled_at": "2026-07-02T01:49:23.553010+00:00"}