{"wallet": "0x4bff30af91642dc7d2b19a8664378fe55c45fc26", "total_trades_90d": 200, "mlb_trades_count": 50, "mlb_condition_ids": ["0x503cc08c1fcff5bcca91d07c143e87b3bddd68566445851e93db965e6a1a122d", "0x71e6567ee6be17a25d2da8a71d231b7b4da6fec9685826c04d9818c501045cc8", "0x9f1fc9fa4e0af34538485d07cd1ca93fd0d7a45989346ed94be84dada491d2a6", "0xb06cef8614c330248ed45ee7ee90e56674a44bce0af00a775190d6b5ac2a3321", "0xcc3f41af4b7ef6c7b399c1666801913d6b129594b261c84c1d1a838f4f76242a", "0xe41d7765de1a7284223b88475ce83a497e758bf6d355e3fd23bceda348812e38"], "mlb_trade_details": [{"condition_id": "0x9f1fc9fa4e0af34538485d07cd1ca93fd0d7a45989346ed94be84dada491d2a6", "id": "0x934f9cbb9261cbaa11c45330941aa72ff3540f22d012f0d42d75a6e0bce3e2e1_0xed96de6829987b0be2090f16f22a6d2ce8e6177733ad2424a73a699d56ea05ad", "outcome": "Under", "price": 0.47999849099999997, "proxy_wallet": "0x4bff30af91642dc7d2b19a8664378fe55c45fc26", "side": "BUY", "size": 100000, "slug": "mlb-lad-oak-2026-07-01-total-10pt5", "timestamp": "2026-07-02T01:40:32Z", "token_id": "68403683078011534181983449453403670223956468783815711662812446853492543129439", "transaction_hash": "0x934f9cbb9261cbaa11c45330941aa72ff3540f22d012f0d42d75a6e0bce3e2e1"}, {"condition_id": "0x9f1fc9fa4e0af34538485d07cd1ca93fd0d7a45989346ed94be84dada491d2a6", "id": "0xfb71bb2c6cc238523100be08435d801a1233676bd4410d06ab9875e6d6b8b311_0x6e98839a2806449c779e8254e6dedf5b3293decbcf547e8d60322f78bc7e2668", "outcome": "Under", "price": 0.47, "proxy_wallet": "0x4bff30af91642dc7d2b19a8664378fe55c45fc26", "side": "BUY", "size": 162.2, "slug": "mlb-lad-oak-2026-07-01-total-10pt5", "timestamp": "2026-07-02T01:39:56Z", "token_id": "68403683078011534181983449453403670223956468783815711662812446853492543129439", "transaction_hash": "0xfb71bb2c6cc238523100be08435d801a1233676bd4410d06ab9875e6d6b8b311"}, {"condition_id": "0x9f1fc9fa4e0af34538485d07cd1ca93fd0d7a45989346ed94be84dada491d2a6", "id": "0x1d7d18ec455a1eeddca2b9c673de3703e2c6089551af2be05003f6d9776d9734_0x88c4d548f2ace5f15707299502c67bf1971d965f96bcf7028516fdf3b4ae7bbc", "outcome": "Under", "price": 0.48, "proxy_wallet": "0x4bff30af91642dc7d2b19a8664378fe55c45fc26", "side": "BUY", "size": 13638, "slug": "mlb-lad-oak-2026-07-01-total-10pt5", "timestamp": "2026-07-02T01:38:10Z", "token_id": "68403683078011534181983449453403670223956468783815711662812446853492543129439", "transaction_hash": "0x1d7d18ec455a1eeddca2b9c673de3703e2c6089551af2be05003f6d9776d9734"}, {"condition_id": "0x9f1fc9fa4e0af34538485d07cd1ca93fd0d7a45989346ed94be84dada491d2a6", "id": "0x2076bec35355a2e9ac8155ee1a5ea132088cc050e9e87a6254e8e80da542f020_0x7f261fdab9e66f827811fe2fe4142921c694a75e5e4489301acd0a6c78b98296", "outcome": "Under", "price": 0.48000000000000004, "proxy_wallet": "0x4bff30af91642dc7d2b19a8664378fe55c45fc26", "side": "BUY", "size": 1.47, "slug": "mlb-lad-oak-2026-07-01-total-10pt5", "timestamp": "2026-07-02T01:35:41Z", "token_id": "68403683078011534181983449453403670223956468783815711662812446853492543129439", "transaction_hash": "0x2076bec35355a2e9ac8155ee1a5ea132088cc050e9e87a6254e8e80da542f020"}, {"condition_id": "0x9f1fc9fa4e0af34538485d07cd1ca93fd0d7a45989346ed94be84dada491d2a6", "id": "0xea439ca186e59376d119453df5cb609b817b98c3aa30f48bf3447227807877d2_0x7f261fdab9e66f827811fe2fe4142921c694a75e5e4489301acd0a6c78b98296", "outcome": "Under", "price": 0.48000000085844, "proxy_wallet": "0x4bff30af91642dc7d2b19a8664378fe55c45fc26", "side": "BUY", "size": 46.596152, "slug": "mlb-lad-oak-2026-07-01-total-10pt5", "timestamp": "2026-07-02T01:35:40Z", "token_id": "68403683078011534181983449453403670223956468783815711662812446853492543129439", "transaction_hash": "0xea439ca186e59376d119453df5cb609b817b98c3aa30f48bf3447227807877d2"}, {"condition_id": "0x9f1fc9fa4e0af34538485d07cd1ca93fd0d7a45989346ed94be84dada491d2a6", "id": "0x2b3794acd9e34c586b0f74856fc7344dea930bbfe4fb89a53bea02757bdc06fe_0x7f261fdab9e66f827811fe2fe4142921c694a75e5e4489301acd0a6c78b98296", "outcome": "Under", "price": 0.48000000000000004, "proxy_wallet": "0x4bff30af91642dc7d2b19a8664378fe55c45fc26", "side": "BUY", "size": 27, "slug": "mlb-lad-oak-2026-07-01-total-10pt5", "timestamp": "2026-07-02T01:35:35Z", "token_id": "68403683078011534181983449453403670223956468783815711662812446853492543129439", "transaction_hash": "0x2b3794acd9e34c586b0f74856fc7344dea930bbfe4fb89a53bea02757bdc06fe"}, {"condition_id": "0x9f1fc9fa4e0af34538485d07cd1ca93fd0d7a45989346ed94be84dada491d2a6", "id": "0x6e69a4300246b028fbdef4f8d2d88701a0e84b88f4e7aa8dccd03a65c73f6608_0x7f261fdab9e66f827811fe2fe4142921c694a75e5e4489301acd0a6c78b98296", "outcome": "Under", "price": 0.48, "proxy_wallet": "0x4bff30af91642dc7d2b19a8664378fe55c45fc26", "side": "BUY", "size": 13286.92, "slug": "mlb-lad-oak-2026-07-01-total-10pt5", "timestamp": "2026-07-02T01:35:34Z", "token_id": "68403683078011534181983449453403670223956468783815711662812446853492543129439", "transaction_hash": "0x6e69a4300246b028fbdef4f8d2d88701a0e84b88f4e7aa8dccd03a65c73f6608"}, {"condition_id": "0xcc3f41af4b7ef6c7b399c1666801913d6b129594b261c84c1d1a838f4f76242a", "id": "0xc62f74f068dd52d88ca9178a2bc8edbff0fb5f07c756eff178660fd9cdaf1268_0x1d6bf3076cfd3a62e73eff5271a5cd607ae88d0b94ae010b8c7b762939f0daf4", "outcome": "Los Angeles Dodgers", "price": 0.6, "proxy_wallet": "0x4bff30af91642dc7d2b19a8664378fe55c45fc26", "side": "BUY", "size": 27185.74, "slug": "mlb-lad-oak-2026-07-01", "timestamp": "2026-07-02T01:35:26Z", "token_id": "34364758787567076832781692301433474029633009466854379285319411364305881038672", "transaction_hash": "0xc62f74f068dd52d88ca9178a2bc8edbff0fb5f07c756eff178660fd9cdaf1268"}, {"condition_id": "0xcc3f41af4b7ef6c7b399c1666801913d6b129594b261c84c1d1a838f4f76242a", "id": "0xce3457868ba3b977fa88712f98caa14b0b0510db57f4f89af0d466ea3304c391_0x1d6bf3076cfd3a62e73eff5271a5cd607ae88d0b94ae010b8c7b762939f0daf4", "outcome": "Los Angeles Dodgers", "price": 0.6, "proxy_wallet": "0x4bff30af91642dc7d2b19a8664378fe55c45fc26", "side": "BUY", "size": 60520, "slug": "mlb-lad-oak-2026-07-01", "timestamp": "2026-07-02T01:35:25Z", "token_id": "34364758787567076832781692301433474029633009466854379285319411364305881038672", "transaction_hash": "0xce3457868ba3b977fa88712f98caa14b0b0510db57f4f89af0d466ea3304c391"}, {"condition_id": "0x9f1fc9fa4e0af34538485d07cd1ca93fd0d7a45989346ed94be84dada491d2a6", "id": "0x0b633e55bb0cd64e634984cdecefac767c6daf94dcacf5a9131b75a87a95cecd_0xe6e4feae00190c2a4f236810284b43c7c0eaef54babb819c1f0c4f5f5b9019fc", "outcome": "Under", "price": 0.48, "proxy_wallet": "0x4bff30af91642dc7d2b19a8664378fe55c45fc26", "side": "BUY", "size": 13873, "slug": "mlb-lad-oak-2026-07-01-total-10pt5", "timestamp": "2026-07-02T01:35:25Z", "token_id": "68403683078011534181983449453403670223956468783815711662812446853492543129439", "transaction_hash": "0x0b633e55bb0cd64e634984cdecefac767c6daf94dcacf5a9131b75a87a95cecd"}, {"condition_id": "0xcc3f41af4b7ef6c7b399c1666801913d6b129594b261c84c1d1a838f4f76242a", "id": "0x648ec3f39c1e4ce80c5184b5f58087a09d3e823f52c551c2070eb51ae0588453_0x1d6bf3076cfd3a62e73eff5271a5cd607ae88d0b94ae010b8c7b762939f0daf4", "outcome": "Los Angeles Dodgers", "price": 0.6, "proxy_wallet": "0x4bff30af91642dc7d2b19a8664378fe55c45fc26", "side": "BUY", "size": 13.03, "slug": "mlb-lad-oak-2026-07-01", "timestamp": "2026-07-02T01:35:11Z", "token_id": "34364758787567076832781692301433474029633009466854379285319411364305881038672", "transaction_hash": "0x648ec3f39c1e4ce80c5184b5f58087a09d3e823f52c551c2070eb51ae0588453"}, {"condition_id": "0x9f1fc9fa4e0af34538485d07cd1ca93fd0d7a45989346ed94be84dada491d2a6", "id": "0x24bcb7ad18480e352a6335593a620200a18a14e9869231aaa01207ec8cc181a4_0x24e1ed4ce1f843158cbdad360b4c5bb2ee862fd85717dbe5d3ff727d571f1bf3", "outcome": "Under", "price": 0.48, "proxy_wallet": "0x4bff30af91642dc7d2b19a8664378fe55c45fc26", "side": "BUY", "size": 3694, "slug": "mlb-lad-oak-2026-07-01-total-10pt5", "timestamp": "2026-07-02T01:33:02Z", "token_id": "68403683078011534181983449453403670223956468783815711662812446853492543129439", "transaction_hash": "0x24bcb7ad18480e352a6335593a620200a18a14e9869231aaa01207ec8cc181a4"}, {"condition_id": "0x9f1fc9fa4e0af34538485d07cd1ca93fd0d7a45989346ed94be84dada491d2a6", "id": "0x9f3483311998e5d1925fa1a8013587045db660116219e27f3f9d4aaf2a4851e9_0xacbb83fe74891f125b607537a78c54dcde29e986388fa8f555ebf8632df9f041", "outcome": "Under", "price": 0.48, "proxy_wallet": "0x4bff30af91642dc7d2b19a8664378fe55c45fc26", "side": "BUY", "size": 9184, "slug": "mlb-lad-oak-2026-07-01-total-10pt5", "timestamp": "2026-07-02T01:32:53Z", "token_id": "68403683078011534181983449453403670223956468783815711662812446853492543129439", "transaction_hash": "0x9f3483311998e5d1925fa1a8013587045db660116219e27f3f9d4aaf2a4851e9"}, {"condition_id": "0x9f1fc9fa4e0af34538485d07cd1ca93fd0d7a45989346ed94be84dada491d2a6", "id": "0x98636b8615fad887176c917d45a8bd939e3a33afa0155f68b3bcbb1c3bbec9b5_0xb33b3c823eec8887cef819c54537b3849d69ede38cd8893e2ad9c3c476e5a8af", "outcome": "Under", "price": 0.48000000000000004, "proxy_wallet": "0x4bff30af91642dc7d2b19a8664378fe55c45fc26", "side": "BUY", "size": 37315, "slug": "mlb-lad-oak-2026-07-01-total-10pt5", "timestamp": "2026-07-02T01:32:37Z", "token_id": "68403683078011534181983449453403670223956468783815711662812446853492543129439", "transaction_hash": "0x98636b8615fad887176c917d45a8bd939e3a33afa0155f68b3bcbb1c3bbec9b5"}, {"condition_id": "0xb06cef8614c330248ed45ee7ee90e56674a44bce0af00a775190d6b5ac2a3321", "id": "0x61a7f659a93aff8108b5d111574693e391f0c0d03a2e2cca7ea94f64a750a708_0x8124a9a17daf7de6198893d3b99877f2cf14d015c234b13cb5562028fef2e5e0", "outcome": "Under", "price": 0.4, "proxy_wallet": "0x4bff30af91642dc7d2b19a8664378fe55c45fc26", "side": "BUY", "size": 5165, "slug": "mlb-lad-oak-2026-07-01-total-9pt5", "timestamp": "2026-07-02T01:31:22Z", "token_id": "4748139347155770375864267743269342854030631505747872518856687753836451463988", "transaction_hash": "0x61a7f659a93aff8108b5d111574693e391f0c0d03a2e2cca7ea94f64a750a708"}, {"condition_id": "0xb06cef8614c330248ed45ee7ee90e56674a44bce0af00a775190d6b5ac2a3321", "id": "0x855816e21bc56fcb82bca7c044614ab04fecfba0e0abb68515fd6ad40a517780_0xbf2ac7c6fc63b76233c2cf0ada2258e72e19442f41b3cc4ef725a7a9fd904402", "outcome": "Under", "price": 0.39999999999999997, "proxy_wallet": "0x4bff30af91642dc7d2b19a8664378fe55c45fc26", "side": "BUY", "size": 17216, "slug": "mlb-lad-oak-2026-07-01-total-9pt5", "timestamp": "2026-07-02T01:30:58Z", "token_id": "4748139347155770375864267743269342854030631505747872518856687753836451463988", "transaction_hash": "0x855816e21bc56fcb82bca7c044614ab04fecfba0e0abb68515fd6ad40a517780"}, {"condition_id": "0xcc3f41af4b7ef6c7b399c1666801913d6b129594b261c84c1d1a838f4f76242a", "id": "0xee39e62af5eed25a018d0ac3876f39166c2b54e8c0f284fd2f8cc8dc344f8ea3_0x1d6bf3076cfd3a62e73eff5271a5cd607ae88d0b94ae010b8c7b762939f0daf4", "outcome": "Los Angeles Dodgers", "price": 0.6, "proxy_wallet": "0x4bff30af91642dc7d2b19a8664378fe55c45fc26", "side": "BUY", "size": 28.85, "slug": "mlb-lad-oak-2026-07-01", "timestamp": "2026-07-02T01:30:20Z", "token_id": "34364758787567076832781692301433474029633009466854379285319411364305881038672", "transaction_hash": "0xee39e62af5eed25a018d0ac3876f39166c2b54e8c0f284fd2f8cc8dc344f8ea3"}, {"condition_id": "0xcc3f41af4b7ef6c7b399c1666801913d6b129594b261c84c1d1a838f4f76242a", "id": "0xaf0ac0ea72fd2e6a3d2a6bda7c62b17db29254bf96aca524a1c648279d464a40_0x1d6bf3076cfd3a62e73eff5271a5cd607ae88d0b94ae010b8c7b762939f0daf4", "outcome": "Los Angeles Dodgers", "price": 0.6, "proxy_wallet": "0x4bff30af91642dc7d2b19a8664378fe55c45fc26", "side": "BUY", "size": 294.83, "slug": "mlb-lad-oak-2026-07-01", "timestamp": "2026-07-02T01:30:20Z", "token_id": "34364758787567076832781692301433474029633009466854379285319411364305881038672", "transaction_hash": "0xaf0ac0ea72fd2e6a3d2a6bda7c62b17db29254bf96aca524a1c648279d464a40"}, {"condition_id": "0xcc3f41af4b7ef6c7b399c1666801913d6b129594b261c84c1d1a838f4f76242a", "id": "0x44f41096c569e15fc82cad06d9b4afb822f4378fabae07804cede6b5a7e17aad_0x1d6bf3076cfd3a62e73eff5271a5cd607ae88d0b94ae010b8c7b762939f0daf4", "outcome": "Los Angeles Dodgers", "price": 0.6, "proxy_wallet": "0x4bff30af91642dc7d2b19a8664378fe55c45fc26", "side": "BUY", "size": 58.05, "slug": "mlb-lad-oak-2026-07-01", "timestamp": "2026-07-02T01:25:47Z", "token_id": "34364758787567076832781692301433474029633009466854379285319411364305881038672", "transaction_hash": "0x44f41096c569e15fc82cad06d9b4afb822f4378fabae07804cede6b5a7e17aad"}, {"condition_id": "0xcc3f41af4b7ef6c7b399c1666801913d6b129594b261c84c1d1a838f4f76242a", "id": "0xc1c64f0ce6d2f5f3f4a2a26529e501a3edc930b524aab74145f6f798f71f924f_0x1d6bf3076cfd3a62e73eff5271a5cd607ae88d0b94ae010b8c7b762939f0daf4", "outcome": "Los Angeles Dodgers", "price": 0.6000000000000001, "proxy_wallet": "0x4bff30af91642dc7d2b19a8664378fe55c45fc26", "side": "BUY", "size": 7.125, "slug": "mlb-lad-oak-2026-07-01", "timestamp": "2026-07-02T01:25:05Z", "token_id": "34364758787567076832781692301433474029633009466854379285319411364305881038672", "transaction_hash": "0xc1c64f0ce6d2f5f3f4a2a26529e501a3edc930b524aab74145f6f798f71f924f"}, {"condition_id": "0xcc3f41af4b7ef6c7b399c1666801913d6b129594b261c84c1d1a838f4f76242a", "id": "0xcd071f5fd8c15bc104d6f7657749d16db8f6f3733e7cc977f8bf7015579ce565_0x1d6bf3076cfd3a62e73eff5271a5cd607ae88d0b94ae010b8c7b762939f0daf4", "outcome": "Los Angeles Dodgers", "price": 0.6, "proxy_wallet": "0x4bff30af91642dc7d2b19a8664378fe55c45fc26", "side": "BUY", "size": 8100, "slug": "mlb-lad-oak-2026-07-01", "timestamp": "2026-07-02T01:12:25Z", "token_id": "34364758787567076832781692301433474029633009466854379285319411364305881038672", "transaction_hash": "0xcd071f5fd8c15bc104d6f7657749d16db8f6f3733e7cc977f8bf7015579ce565"}, {"condition_id": "0xcc3f41af4b7ef6c7b399c1666801913d6b129594b261c84c1d1a838f4f76242a", "id": "0xae6f6bd6384f93567e09e56005ed5051f50141e72299e83b2ac2afcd56e80eee_0x1d6bf3076cfd3a62e73eff5271a5cd607ae88d0b94ae010b8c7b762939f0daf4", "outcome": "Los Angeles Dodgers", "price": 0.6, "proxy_wallet": "0x4bff30af91642dc7d2b19a8664378fe55c45fc26", "side": "BUY", "size": 8, "slug": "mlb-lad-oak-2026-07-01", "timestamp": "2026-07-02T01:10:35Z", "token_id": "34364758787567076832781692301433474029633009466854379285319411364305881038672", "transaction_hash": "0xae6f6bd6384f93567e09e56005ed5051f50141e72299e83b2ac2afcd56e80eee"}, {"condition_id": "0xcc3f41af4b7ef6c7b399c1666801913d6b129594b261c84c1d1a838f4f76242a", "id": "0xd1023d40a73d8dd019ea2ba6b0db0b65408a2c142e8e297c0da5fba4b452c6dc_0x1d6bf3076cfd3a62e73eff5271a5cd607ae88d0b94ae010b8c7b762939f0daf4", "outcome": "Los Angeles Dodgers", "price": 0.6, "proxy_wallet": "0x4bff30af91642dc7d2b19a8664378fe55c45fc26", "side": "BUY", "size": 13, "slug": "mlb-lad-oak-2026-07-01", "timestamp": "2026-07-02T01:10:32Z", "token_id": "34364758787567076832781692301433474029633009466854379285319411364305881038672", "transaction_hash": "0xd1023d40a73d8dd019ea2ba6b0db0b65408a2c142e8e297c0da5fba4b452c6dc"}, {"condition_id": "0xcc3f41af4b7ef6c7b399c1666801913d6b129594b261c84c1d1a838f4f76242a", "id": "0x1cf761f0f2b1a9a2e97dcd8ebb2cf27a63007ea72b4de9b621eb54b087c18178_0x1d6bf3076cfd3a62e73eff5271a5cd607ae88d0b94ae010b8c7b762939f0daf4", "outcome": "Los Angeles Dodgers", "price": 0.6, "proxy_wallet": "0x4bff30af91642dc7d2b19a8664378fe55c45fc26", "side": "BUY", "size": 75, "slug": "mlb-lad-oak-2026-07-01", "timestamp": "2026-07-02T01:08:31Z", "token_id": "34364758787567076832781692301433474029633009466854379285319411364305881038672", "transaction_hash": "0x1cf761f0f2b1a9a2e97dcd8ebb2cf27a63007ea72b4de9b621eb54b087c18178"}, {"condition_id": "0xcc3f41af4b7ef6c7b399c1666801913d6b129594b261c84c1d1a838f4f76242a", "id": "0xb08632db9853deee09e7f84159bfc8b22b3a06bae240fd0bf0d87f2ddd197da5_0x1d6bf3076cfd3a62e73eff5271a5cd607ae88d0b94ae010b8c7b762939f0daf4", "outcome": "Los Angeles Dodgers", "price": 0.6, "proxy_wallet": "0x4bff30af91642dc7d2b19a8664378fe55c45fc26", "side": "BUY", "size": 12, "slug": "mlb-lad-oak-2026-07-01", "timestamp": "2026-07-02T01:06:23Z", "token_id": "34364758787567076832781692301433474029633009466854379285319411364305881038672", "transaction_hash": "0xb08632db9853deee09e7f84159bfc8b22b3a06bae240fd0bf0d87f2ddd197da5"}, {"condition_id": "0xcc3f41af4b7ef6c7b399c1666801913d6b129594b261c84c1d1a838f4f76242a", "id": "0xaddecab9813210b260ba03c2c4a70c0dcd030154e127fb26b416f2113b71a6b9_0x1d6bf3076cfd3a62e73eff5271a5cd607ae88d0b94ae010b8c7b762939f0daf4", "outcome": "Los Angeles Dodgers", "price": 0.6, "proxy_wallet": "0x4bff30af91642dc7d2b19a8664378fe55c45fc26", "side": "BUY", "size": 12, "slug": "mlb-lad-oak-2026-07-01", "timestamp": "2026-07-02T01:04:05Z", "token_id": "34364758787567076832781692301433474029633009466854379285319411364305881038672", "transaction_hash": "0xaddecab9813210b260ba03c2c4a70c0dcd030154e127fb26b416f2113b71a6b9"}, {"condition_id": "0xcc3f41af4b7ef6c7b399c1666801913d6b129594b261c84c1d1a838f4f76242a", "id": "0xccc0b9b30794d8141f22928c2ae22efcaa1dea62876a40f3d099072a9d5e389d_0x1d6bf3076cfd3a62e73eff5271a5cd607ae88d0b94ae010b8c7b762939f0daf4", "outcome": "Los Angeles Dodgers", "price": 0.6, "proxy_wallet": "0x4bff30af91642dc7d2b19a8664378fe55c45fc26", "side": "BUY", "size": 12, "slug": "mlb-lad-oak-2026-07-01", "timestamp": "2026-07-02T01:03:43Z", "token_id": "34364758787567076832781692301433474029633009466854379285319411364305881038672", "transaction_hash": "0xccc0b9b30794d8141f22928c2ae22efcaa1dea62876a40f3d099072a9d5e389d"}, {"condition_id": "0xcc3f41af4b7ef6c7b399c1666801913d6b129594b261c84c1d1a838f4f76242a", "id": "0x40ac0134b5ce974d866f57d68cfe416049cabb72ca92a0096e2354393d864578_0x1d6bf3076cfd3a62e73eff5271a5cd607ae88d0b94ae010b8c7b762939f0daf4", "outcome": "Los Angeles Dodgers", "price": 0.6, "proxy_wallet": "0x4bff30af91642dc7d2b19a8664378fe55c45fc26", "side": "BUY", "size": 75, "slug": "mlb-lad-oak-2026-07-01", "timestamp": "2026-07-02T00:57:46Z", "token_id": "34364758787567076832781692301433474029633009466854379285319411364305881038672", "transaction_hash": "0x40ac0134b5ce974d866f57d68cfe416049cabb72ca92a0096e2354393d864578"}, {"condition_id": "0xcc3f41af4b7ef6c7b399c1666801913d6b129594b261c84c1d1a838f4f76242a", "id": "0x438a6c3c5a7d0b8ccb9c8e9dbd0e6b8cef9f5b63b9bcaadc34fa9d901f3736e7_0x1d6bf3076cfd3a62e73eff5271a5cd607ae88d0b94ae010b8c7b762939f0daf4", "outcome": "Los Angeles Dodgers", "price": 0.6, "proxy_wallet": "0x4bff30af91642dc7d2b19a8664378fe55c45fc26", "side": "BUY", "size": 12, "slug": "mlb-lad-oak-2026-07-01", "timestamp": "2026-07-02T00:52:07Z", "token_id": "34364758787567076832781692301433474029633009466854379285319411364305881038672", "transaction_hash": "0x438a6c3c5a7d0b8ccb9c8e9dbd0e6b8cef9f5b63b9bcaadc34fa9d901f3736e7"}, {"condition_id": "0xcc3f41af4b7ef6c7b399c1666801913d6b129594b261c84c1d1a838f4f76242a", "id": "0xa495a36e029aa52cbfce7f9b1f9c2c75a7815235f03d34fdeaa23d846c8794bb_0x1d6bf3076cfd3a62e73eff5271a5cd607ae88d0b94ae010b8c7b762939f0daf4", "outcome": "Los Angeles Dodgers", "price": 0.6, "proxy_wallet": "0x4bff30af91642dc7d2b19a8664378fe55c45fc26", "side": "BUY", "size": 75, "slug": "mlb-lad-oak-2026-07-01", "timestamp": "2026-07-02T00:50:14Z", "token_id": "34364758787567076832781692301433474029633009466854379285319411364305881038672", "transaction_hash": "0xa495a36e029aa52cbfce7f9b1f9c2c75a7815235f03d34fdeaa23d846c8794bb"}, {"condition_id": "0xcc3f41af4b7ef6c7b399c1666801913d6b129594b261c84c1d1a838f4f76242a", "id": "0xa6f0d56d986f14226ee0de9052f798e84e9bee40f784253d90e98744155272ac_0x1d6bf3076cfd3a62e73eff5271a5cd607ae88d0b94ae010b8c7b762939f0daf4", "outcome": "Los Angeles Dodgers", "price": 0.6, "proxy_wallet": "0x4bff30af91642dc7d2b19a8664378fe55c45fc26", "side": "BUY", "size": 6.25, "slug": "mlb-lad-oak-2026-07-01", "timestamp": "2026-07-02T00:49:13Z", "token_id": "34364758787567076832781692301433474029633009466854379285319411364305881038672", "transaction_hash": "0xa6f0d56d986f14226ee0de9052f798e84e9bee40f784253d90e98744155272ac"}, {"condition_id": "0xcc3f41af4b7ef6c7b399c1666801913d6b129594b261c84c1d1a838f4f76242a", "id": "0xcddae55a8371cf1f2d5e5e1801053bde2bcbc09eba47ee9a81ae489fb27005a6_0x1d6bf3076cfd3a62e73eff5271a5cd607ae88d0b94ae010b8c7b762939f0daf4", "outcome": "Los Angeles Dodgers", "price": 0.6, "proxy_wallet": "0x4bff30af91642dc7d2b19a8664378fe55c45fc26", "side": "BUY", "size": 100, "slug": "mlb-lad-oak-2026-07-01", "timestamp": "2026-07-02T00:44:25Z", "token_id": "34364758787567076832781692301433474029633009466854379285319411364305881038672", "transaction_hash": "0xcddae55a8371cf1f2d5e5e1801053bde2bcbc09eba47ee9a81ae489fb27005a6"}, {"condition_id": "0xcc3f41af4b7ef6c7b399c1666801913d6b129594b261c84c1d1a838f4f76242a", "id": "0xa97edca77f68637f9a91b2c4019861cb2a0f981199fe887de97bb09b863c2316_0x1d6bf3076cfd3a62e73eff5271a5cd607ae88d0b94ae010b8c7b762939f0daf4", "outcome": "Los Angeles Dodgers", "price": 0.6, "proxy_wallet": "0x4bff30af91642dc7d2b19a8664378fe55c45fc26", "side": "BUY", "size": 12, "slug": "mlb-lad-oak-2026-07-01", "timestamp": "2026-07-02T00:41:11Z", "token_id": "34364758787567076832781692301433474029633009466854379285319411364305881038672", "transaction_hash": "0xa97edca77f68637f9a91b2c4019861cb2a0f981199fe887de97bb09b863c2316"}, {"condition_id": "0x503cc08c1fcff5bcca91d07c143e87b3bddd68566445851e93db965e6a1a122d", "id": "0x5bc77b7be54bca05799c2190e936007234bbc9b0ff424e1e449594c97c64544b_0x93dcbb432470766307670f0e8735f41a08e078a65e571c9c6067687a16ef6778", "outcome": "Miami Marlins", "price": 0.5700000000000001, "proxy_wallet": "0x4bff30af91642dc7d2b19a8664378fe55c45fc26", "side": "BUY", "size": 14193.72, "slug": "mlb-mia-col-2026-07-01", "timestamp": "2026-07-02T00:40:34Z", "token_id": "70456539982031185821545367467561496403366411785803404614583891714944753086599", "transaction_hash": "0x5bc77b7be54bca05799c2190e936007234bbc9b0ff424e1e449594c97c64544b"}, {"condition_id": "0xcc3f41af4b7ef6c7b399c1666801913d6b129594b261c84c1d1a838f4f76242a", "id": "0x114d359495d725201320c0b78d9d7d2084f6d8e9a23a3043da6061755fe206cf_0x1d6bf3076cfd3a62e73eff5271a5cd607ae88d0b94ae010b8c7b762939f0daf4", "outcome": "Los Angeles Dodgers", "price": 0.6, "proxy_wallet": "0x4bff30af91642dc7d2b19a8664378fe55c45fc26", "side": "BUY", "size": 13.9, "slug": "mlb-lad-oak-2026-07-01", "timestamp": "2026-07-02T00:40:28Z", "token_id": "34364758787567076832781692301433474029633009466854379285319411364305881038672", "transaction_hash": "0x114d359495d725201320c0b78d9d7d2084f6d8e9a23a3043da6061755fe206cf"}, {"condition_id": "0x71e6567ee6be17a25d2da8a71d231b7b4da6fec9685826c04d9818c501045cc8", "id": "0xc61bf3f4a3b60adda6202dd764fbe4fb6ff2f9db39c1d9adcdedb84cf35fe036_0x3c6648e751bc814c5c27e51f7737966806bcfb8761d15bad1f14f9918f7bae6a", "outcome": "Under", "price": 0.46987270883508686, "proxy_wallet": "0x4bff30af91642dc7d2b19a8664378fe55c45fc26", "side": "BUY", "size": 15778, "slug": "mlb-mia-col-2026-07-01-total-10pt5", "timestamp": "2026-07-02T00:39:59Z", "token_id": "93794054937852727558515174295357156228559577844647752222492644226795452905093", "transaction_hash": "0xc61bf3f4a3b60adda6202dd764fbe4fb6ff2f9db39c1d9adcdedb84cf35fe036"}, {"condition_id": "0xe41d7765de1a7284223b88475ce83a497e758bf6d355e3fd23bceda348812e38", "id": "0x634a5841c5a8a9c04854a8478cd2fca9e257b089fc8932055b17d6d69417cd37_0xf47e40b8cb528aafe9592262a9741499bc7f173d20c109ae05e6dff63c649c10", "outcome": "Under", "price": 0.57, "proxy_wallet": "0x4bff30af91642dc7d2b19a8664378fe55c45fc26", "side": "BUY", "size": 13017, "slug": "mlb-mia-col-2026-07-01-total-11pt5", "timestamp": "2026-07-02T00:39:47Z", "token_id": "6515714086678686965167013485177068666040412925367310925077303305883656898212", "transaction_hash": "0x634a5841c5a8a9c04854a8478cd2fca9e257b089fc8932055b17d6d69417cd37"}, {"condition_id": "0xe41d7765de1a7284223b88475ce83a497e758bf6d355e3fd23bceda348812e38", "id": "0x92808313dfbf8457e383998064467d2108c0eadfb726626b4b1f18abe5dcad53_0xab9746faf3ebcd63a5d671ee5f4c1e16a677b8f4ccbb3dc0df7f6e13ff28f428", "outcome": "Under", "price": 0.5699176943554083, "proxy_wallet": "0x4bff30af91642dc7d2b19a8664378fe55c45fc26", "side": "BUY", "size": 18407, "slug": "mlb-mia-col-2026-07-01-total-11pt5", "timestamp": "2026-07-02T00:39:35Z", "token_id": "6515714086678686965167013485177068666040412925367310925077303305883656898212", "transaction_hash": "0x92808313dfbf8457e383998064467d2108c0eadfb726626b4b1f18abe5dcad53"}, {"condition_id": "0x503cc08c1fcff5bcca91d07c143e87b3bddd68566445851e93db965e6a1a122d", "id": "0x0347e8c8189b5665f7645e10e8f8205c1971596cac86f82b63365c8e0e7fb113_0x692890e679f66cdc985ac4fdc5546124bf567e6e4759e4b0d399ec17e1fc0916", "outcome": "Miami Marlins", "price": 0.57, "proxy_wallet": "0x4bff30af91642dc7d2b19a8664378fe55c45fc26", "side": "BUY", "size": 250000, "slug": "mlb-mia-col-2026-07-01", "timestamp": "2026-07-02T00:39:04Z", "token_id": "70456539982031185821545367467561496403366411785803404614583891714944753086599", "transaction_hash": "0x0347e8c8189b5665f7645e10e8f8205c1971596cac86f82b63365c8e0e7fb113"}, {"condition_id": "0x71e6567ee6be17a25d2da8a71d231b7b4da6fec9685826c04d9818c501045cc8", "id": "0xd5b39c06f2566abbfaba2188a8bd0ee82c79039370928942c597ef1c98830237_0x5251fddc7908fe5d1abe469bcbde0eb72564f9c394eb4ed41b29314468829342", "outcome": "Under", "price": 0.46, "proxy_wallet": "0x4bff30af91642dc7d2b19a8664378fe55c45fc26", "side": "BUY", "size": 1745, "slug": "mlb-mia-col-2026-07-01-total-10pt5", "timestamp": "2026-07-02T00:38:13Z", "token_id": "93794054937852727558515174295357156228559577844647752222492644226795452905093", "transaction_hash": "0xd5b39c06f2566abbfaba2188a8bd0ee82c79039370928942c597ef1c98830237"}, {"condition_id": "0x503cc08c1fcff5bcca91d07c143e87b3bddd68566445851e93db965e6a1a122d", "id": "0x93d8e1997f0e147caea8abbab527763eb514ccba2045471cc308412b27dc0755_0x04d7c71bce64934c20ac7d9867e986ee364aef725e2e454a95d233d7e8f3f9da", "outcome": "Miami Marlins", "price": 0.5599999999999999, "proxy_wallet": "0x4bff30af91642dc7d2b19a8664378fe55c45fc26", "side": "BUY", "size": 260, "slug": "mlb-mia-col-2026-07-01", "timestamp": "2026-07-02T00:37:19Z", "token_id": "70456539982031185821545367467561496403366411785803404614583891714944753086599", "transaction_hash": "0x93d8e1997f0e147caea8abbab527763eb514ccba2045471cc308412b27dc0755"}, {"condition_id": "0x503cc08c1fcff5bcca91d07c143e87b3bddd68566445851e93db965e6a1a122d", "id": "0x9ff34f1d18ba9505369b34d9e10decf81bae0f04ce712b52d7949348e19a774c_0x04d7c71bce64934c20ac7d9867e986ee364aef725e2e454a95d233d7e8f3f9da", "outcome": "Miami Marlins", "price": 0.56, "proxy_wallet": "0x4bff30af91642dc7d2b19a8664378fe55c45fc26", "side": "BUY", "size": 605.8, "slug": "mlb-mia-col-2026-07-01", "timestamp": "2026-07-02T00:37:04Z", "token_id": "70456539982031185821545367467561496403366411785803404614583891714944753086599", "transaction_hash": "0x9ff34f1d18ba9505369b34d9e10decf81bae0f04ce712b52d7949348e19a774c"}, {"condition_id": "0xcc3f41af4b7ef6c7b399c1666801913d6b129594b261c84c1d1a838f4f76242a", "id": "0x10ac2572d3cbcce2c26cbe008baff7ee8913fa2b5ad6e696b11e9902d9849fe9_0x1d6bf3076cfd3a62e73eff5271a5cd607ae88d0b94ae010b8c7b762939f0daf4", "outcome": "Los Angeles Dodgers", "price": 0.6, "proxy_wallet": "0x4bff30af91642dc7d2b19a8664378fe55c45fc26", "side": "BUY", "size": 12, "slug": "mlb-lad-oak-2026-07-01", "timestamp": "2026-07-02T00:36:47Z", "token_id": "34364758787567076832781692301433474029633009466854379285319411364305881038672", "transaction_hash": "0x10ac2572d3cbcce2c26cbe008baff7ee8913fa2b5ad6e696b11e9902d9849fe9"}, {"condition_id": "0xe41d7765de1a7284223b88475ce83a497e758bf6d355e3fd23bceda348812e38", "id": "0x9cdaca8286b525f3ca85138e611cf5f550f2ecbfc638170e750caebfb1151484_0xff08edce7ac8b2eb1d2c9939dc24c37cb3c0fec8f382619fa5c0487437e485cf", "outcome": "Under", "price": 0.5599999999999999, "proxy_wallet": "0x4bff30af91642dc7d2b19a8664378fe55c45fc26", "side": "BUY", "size": 4503, "slug": "mlb-mia-col-2026-07-01-total-11pt5", "timestamp": "2026-07-02T00:36:02Z", "token_id": "6515714086678686965167013485177068666040412925367310925077303305883656898212", "transaction_hash": "0x9cdaca8286b525f3ca85138e611cf5f550f2ecbfc638170e750caebfb1151484"}, {"condition_id": "0x71e6567ee6be17a25d2da8a71d231b7b4da6fec9685826c04d9818c501045cc8", "id": "0x35c5bdcf8cb91c8c6cfa2a31097d70d9188706772fb0bfeca46489d2ca1b0f07_0xb0ae55123a5ea0431058b17f1c3f2278a7a3cbe190e94b3daaf1a6a846c5213c", "outcome": "Under", "price": 0.45999999999999996, "proxy_wallet": "0x4bff30af91642dc7d2b19a8664378fe55c45fc26", "side": "BUY", "size": 4148, "slug": "mlb-mia-col-2026-07-01-total-10pt5", "timestamp": "2026-07-02T00:35:49Z", "token_id": "93794054937852727558515174295357156228559577844647752222492644226795452905093", "transaction_hash": "0x35c5bdcf8cb91c8c6cfa2a31097d70d9188706772fb0bfeca46489d2ca1b0f07"}, {"condition_id": "0xe41d7765de1a7284223b88475ce83a497e758bf6d355e3fd23bceda348812e38", "id": "0xf1b08d0b5d38e1851ebdb14013fdc866ab6ed77fa7763e94000efc73cdabf004_0x04ab8dd9cba5869698cf0723b3be78b87342e4c5495e03b1255c9173fb45f878", "outcome": "Under", "price": 0.56, "proxy_wallet": "0x4bff30af91642dc7d2b19a8664378fe55c45fc26", "side": "BUY", "size": 13475, "slug": "mlb-mia-col-2026-07-01-total-11pt5", "timestamp": "2026-07-02T00:35:37Z", "token_id": "6515714086678686965167013485177068666040412925367310925077303305883656898212", "transaction_hash": "0xf1b08d0b5d38e1851ebdb14013fdc866ab6ed77fa7763e94000efc73cdabf004"}, {"condition_id": "0x503cc08c1fcff5bcca91d07c143e87b3bddd68566445851e93db965e6a1a122d", "id": "0x29e10a5ed8f4b5358e921772dee75f5dd94249287c46867772f8f0281cd9f8ae_0x04d7c71bce64934c20ac7d9867e986ee364aef725e2e454a95d233d7e8f3f9da", "outcome": "Miami Marlins", "price": 0.56, "proxy_wallet": "0x4bff30af91642dc7d2b19a8664378fe55c45fc26", "side": "BUY", "size": 50, "slug": "mlb-mia-col-2026-07-01", "timestamp": "2026-07-02T00:34:46Z", "token_id": "70456539982031185821545367467561496403366411785803404614583891714944753086599", "transaction_hash": "0x29e10a5ed8f4b5358e921772dee75f5dd94249287c46867772f8f0281cd9f8ae"}, {"condition_id": "0x503cc08c1fcff5bcca91d07c143e87b3bddd68566445851e93db965e6a1a122d", "id": "0xb0088caa89c176840c04e0bac017b7917f9ad5822b72155b99ac35ed59f2436a_0x04d7c71bce64934c20ac7d9867e986ee364aef725e2e454a95d233d7e8f3f9da", "outcome": "Miami Marlins", "price": 0.5600000019594745, "proxy_wallet": "0x4bff30af91642dc7d2b19a8664378fe55c45fc26", "side": "BUY", "size": 102.06818, "slug": "mlb-mia-col-2026-07-01", "timestamp": "2026-07-02T00:33:07Z", "token_id": "70456539982031185821545367467561496403366411785803404614583891714944753086599", "transaction_hash": "0xb0088caa89c176840c04e0bac017b7917f9ad5822b72155b99ac35ed59f2436a"}, {"condition_id": "0x503cc08c1fcff5bcca91d07c143e87b3bddd68566445851e93db965e6a1a122d", "id": "0x27ca90825d86510a9f32464a41ccea399496c759ca57ae92e229071d339fb463_0x04d7c71bce64934c20ac7d9867e986ee364aef725e2e454a95d233d7e8f3f9da", "outcome": "Miami Marlins", "price": 0.5600000176000013, "proxy_wallet": "0x4bff30af91642dc7d2b19a8664378fe55c45fc26", "side": "BUY", "size": 20.454544, "slug": "mlb-mia-col-2026-07-01", "timestamp": "2026-07-02T00:30:43Z", "token_id": "70456539982031185821545367467561496403366411785803404614583891714944753086599", "transaction_hash": "0x27ca90825d86510a9f32464a41ccea399496c759ca57ae92e229071d339fb463"}, {"condition_id": "0x503cc08c1fcff5bcca91d07c143e87b3bddd68566445851e93db965e6a1a122d", "id": "0xcbd2a55ba54d1b9f29fe0ecaae8dbcd8203000a15316e8fd88a8dd4374cd51c9_0x04d7c71bce64934c20ac7d9867e986ee364aef725e2e454a95d233d7e8f3f9da", "outcome": "Miami Marlins", "price": 0.5599999999999999, "proxy_wallet": "0x4bff30af91642dc7d2b19a8664378fe55c45fc26", "side": "BUY", "size": 39.34, "slug": "mlb-mia-col-2026-07-01", "timestamp": "2026-07-02T00:30:22Z", "token_id": "70456539982031185821545367467561496403366411785803404614583891714944753086599", "transaction_hash": "0xcbd2a55ba54d1b9f29fe0ecaae8dbcd8203000a15316e8fd88a8dd4374cd51c9"}], "polled_at": "2026-07-02T01:49:23.533105+00:00"}