{"wallet": "0xdbdd45150249e229eb4ca8aa48a30dca21faa5de", "total_trades_90d": 200, "mlb_trades_count": 41, "mlb_condition_ids": ["0xba9a25966e61386933732603c7eaa6a32290b5034f35b8c99a27127267e5ea2c", "0xa88cca8611c239d868673646326ea8a5ea43afe08611e3ac97f4ed2e7652f6f3", "0x8c9451611a85cfa9ee09576d994488cc6efdae443e76d0b33acc46da6077e6e6", "0x8eb58f4f19fae4984046b6e8a214d79c7b199cea8892c9e73a7827c633200a7f", "0xf8d85b0e795f14a45cabf11bc68d73bd6c7a52b893fea081ec402217cbc8ec90", "0xf3869157b5e6914f96126ea7c8d34e0f7623dd2557d2266d4616440feb93deed", "0x51df387a3e841641d2f3e2ac517009f4c068bccc28c2b9398ebd37f57bd3be6c", "0xa30563b85441d13ea44e30d8b6f99cb7b6ff538196c59860565d83541ab5691c", "0xb53f2f6277433c175fe9a15c8dac7ea42a0d7628ada09239f76827a75133b97c", "0x69f3bf72828a011816d9d4f967e1561416cc6e893e261c35109551bc2afe0e93", "0x7203c2da48e52179be5a1e52d469696d9ffa272c02e324c5d6001ca0f4882a79", "0xf109a0e7478f4746ce0c8acaa1455893bc426b1c07028fa136562dac7f5203e4", "0x0b7ac6f707814f5ca30a9c2586c36c49a1bae6138b050137abdc0a4987b37a59", "0xf7d3a6fdd54646cef484865e3a93a7380164554a9b2418190629b3468cfe29be", "0xb721c3450f8ade6375550aa7de8df1d6dd420f24d0636f053732676a80f2b84f", "0xa71facb25cf2f24c65209673850df7fd5f5fa493be34d03946c52e8c5e2549b8", "0x9a76083189bea07a7b419ce0044716ba2388fe24f7f8310703fec95e6408a1f8", "0x694c8b97a4d118cedb708c3f533a7abd20e5dea9b708c35dee83b5c5baf6e9f8", "0x1f6286fd43443114f1cb3ed2431bd925bb5e445f20b20ca9bf67c365d1f1cd1f", "0x75c001657761d5dce1e0a81705a7381b247c31aa2b0d8e9c64de314da5968952", "0x282959ab20f0978633920170692fe7c109e27e2d2584b4be1a18ca0ba15dae51", "0xa71911cfb1d5bb6e5f2dc3b166be91b5c6e57dd25dbb2cf5a5f92bb6711103d2", "0x654712801f3799409dffe221d2dce0f1b55eb6ba18f2c8d19bcafd0724e33f62"], "mlb_trade_details": [{"condition_id": "0xf8d85b0e795f14a45cabf11bc68d73bd6c7a52b893fea081ec402217cbc8ec90", "id": "0x1ba1978dfe735a78c9763f742a3a9bbd52c6f360b2e5925ac304a9832a6b1704_0x69e9835a2693036cdd165e128ac73465dc55006890bb433c6a28a56af86afada", "outcome": "Under", "price": 0.7899999999999999, "proxy_wallet": "0xdbdd45150249e229eb4ca8aa48a30dca21faa5de", "side": "BUY", "size": 15, "slug": "mlb-min-hou-2026-06-29-total-6pt5", "timestamp": "2026-06-30T02:44:23Z", "token_id": "9771535149109551386649689173319508172734902297207262496938622723842669937415", "transaction_hash": "0x1ba1978dfe735a78c9763f742a3a9bbd52c6f360b2e5925ac304a9832a6b1704"}, {"condition_id": "0xf8d85b0e795f14a45cabf11bc68d73bd6c7a52b893fea081ec402217cbc8ec90", "id": "0x0c7bc22a91891afea245190980a7ff3cdfd1b3c09205bf4dd9bce6799b3d006c_0xae7854688f2425b4ce9abdb817e13268ad2446f6b5110a3a6a6189253783c96a", "outcome": "Under", "price": 0.77, "proxy_wallet": "0xdbdd45150249e229eb4ca8aa48a30dca21faa5de", "side": "BUY", "size": 15, "slug": "mlb-min-hou-2026-06-29-total-6pt5", "timestamp": "2026-06-30T02:43:50Z", "token_id": "9771535149109551386649689173319508172734902297207262496938622723842669937415", "transaction_hash": "0x0c7bc22a91891afea245190980a7ff3cdfd1b3c09205bf4dd9bce6799b3d006c"}, {"condition_id": "0x8eb58f4f19fae4984046b6e8a214d79c7b199cea8892c9e73a7827c633200a7f", "id": "0x9d1ca639bcebf1dd6d172edb860840862db523df6ef3d30a72549a50ba1c8098_0xd3a47a8ea8df4056eea32efd5f75ed37eaa73d712b85a94b36f1d4cd113d40d7", "outcome": "Over", "price": 0.64, "proxy_wallet": "0xdbdd45150249e229eb4ca8aa48a30dca21faa5de", "side": "BUY", "size": 0.01, "slug": "mlb-mia-col-2026-06-29-total-13pt5", "timestamp": "2026-06-30T02:41:53Z", "token_id": "27809107164280640742526712987310407825342352202346516306306070270333463412151", "transaction_hash": "0x9d1ca639bcebf1dd6d172edb860840862db523df6ef3d30a72549a50ba1c8098"}, {"condition_id": "0x694c8b97a4d118cedb708c3f533a7abd20e5dea9b708c35dee83b5c5baf6e9f8", "id": "0xd047c5b77bed75a45b013c9995ef82a7fc32d24d65361ff9ae82ee02b5381bf4_0x67a50fbb782c7ce4f7d39f450861de701f002cbb2e82188ba5d78671861c5fcc", "outcome": "Houston Astros", "price": 0.05, "proxy_wallet": "0xdbdd45150249e229eb4ca8aa48a30dca21faa5de", "side": "BUY", "size": 5, "slug": "mlb-min-hou-2026-06-29-spread-away-2pt5", "timestamp": "2026-06-30T02:37:38Z", "token_id": "100976501725216558272256426953728012656141347833114172185544772683816381631960", "transaction_hash": "0xd047c5b77bed75a45b013c9995ef82a7fc32d24d65361ff9ae82ee02b5381bf4"}, {"condition_id": "0x694c8b97a4d118cedb708c3f533a7abd20e5dea9b708c35dee83b5c5baf6e9f8", "id": "0x1341820f33812046392162d92d1fb47af06eed99e71612bccbb007f7c31c9ef8_0x9c189ebee909b6239e5a3131e2a9b05475c3ec8b80cfe72a51119f8497bac9c1", "outcome": "Minnesota Twins", "price": 0.86, "proxy_wallet": "0xdbdd45150249e229eb4ca8aa48a30dca21faa5de", "side": "BUY", "size": 5, "slug": "mlb-min-hou-2026-06-29-spread-away-2pt5", "timestamp": "2026-06-30T02:35:50Z", "token_id": "13699147122484131751383621398563894380019456579126187691228942706054959839287", "transaction_hash": "0x1341820f33812046392162d92d1fb47af06eed99e71612bccbb007f7c31c9ef8"}, {"condition_id": "0xa71facb25cf2f24c65209673850df7fd5f5fa493be34d03946c52e8c5e2549b8", "id": "0x788d2d2294f629ebb7f363911d64860ee895528696229c8a2ecb143e01b4cd5f_0x02c443f0621b9a0772432ceb8ec80ac5d55ff86b57c9582a52a82aad34445a8f", "outcome": "Over", "price": 0.5699999999982002, "proxy_wallet": "0xdbdd45150249e229eb4ca8aa48a30dca21faa5de", "side": "BUY", "size": 5556.157893, "slug": "mlb-mia-col-2026-06-29-total-14pt5", "timestamp": "2026-06-30T02:35:16Z", "token_id": "99283128948639684912671008299088536251588969392778051784220591170415328716262", "transaction_hash": "0x788d2d2294f629ebb7f363911d64860ee895528696229c8a2ecb143e01b4cd5f"}, {"condition_id": "0x69f3bf72828a011816d9d4f967e1561416cc6e893e261c35109551bc2afe0e93", "id": "0x7f9320819327e79c0c38bfcf032f3cbc70c19dc6bd0b401a3c146a26add9d76f_0xbcbe43d343ed04cc15cb81dd99548c1008d0b46f339e8115b76e7dd82ae29b0a", "outcome": "Under", "price": 0.61, "proxy_wallet": "0xdbdd45150249e229eb4ca8aa48a30dca21faa5de", "side": "BUY", "size": 2.16, "slug": "mlb-laa-sea-2026-06-29-total-8pt5", "timestamp": "2026-06-30T02:32:46Z", "token_id": "99407804998344493599104821339905320656071156260092111136593582897464567216004", "transaction_hash": "0x7f9320819327e79c0c38bfcf032f3cbc70c19dc6bd0b401a3c146a26add9d76f"}, {"condition_id": "0x694c8b97a4d118cedb708c3f533a7abd20e5dea9b708c35dee83b5c5baf6e9f8", "id": "0xaa7019b369de7a922c2e9601592e3bbd1703e314895990ea8336d8a9f2d9af10_0x9989c7e1327f73897ab878d26ca37193fd869b8a55656335a63bcbf3dc0d062c", "outcome": "Houston Astros", "price": 0.06999999999999999, "proxy_wallet": "0xdbdd45150249e229eb4ca8aa48a30dca21faa5de", "side": "BUY", "size": 5, "slug": "mlb-min-hou-2026-06-29-spread-away-2pt5", "timestamp": "2026-06-30T02:31:23Z", "token_id": "100976501725216558272256426953728012656141347833114172185544772683816381631960", "transaction_hash": "0xaa7019b369de7a922c2e9601592e3bbd1703e314895990ea8336d8a9f2d9af10"}, {"condition_id": "0xa71911cfb1d5bb6e5f2dc3b166be91b5c6e57dd25dbb2cf5a5f92bb6711103d2", "id": "0xaa074f030df6e6d8cd3ed5e92b2cd1f4b4687ef7958adbcc65a3e2e8b3635c7d_0x86f2d7e3a8b40adf79dd16226847438319a28fc3183110e3e50a13ceaf9dac79", "outcome": "Under", "price": 0.68, "proxy_wallet": "0xdbdd45150249e229eb4ca8aa48a30dca21faa5de", "side": "BUY", "size": 1.43, "slug": "mlb-min-hou-2026-06-29-total-7pt5", "timestamp": "2026-06-30T02:27:47Z", "token_id": "17082888740231586110405497329246293083694928794592660720916839122235800713081", "transaction_hash": "0xaa074f030df6e6d8cd3ed5e92b2cd1f4b4687ef7958adbcc65a3e2e8b3635c7d"}, {"condition_id": "0x7203c2da48e52179be5a1e52d469696d9ffa272c02e324c5d6001ca0f4882a79", "id": "0x75a854a2757f8c81ecd444a6e035027e7fdd178a900ca591eda03abfd8502c69_0x24d217cd7fcd99ec9f390ea4daa5a2ef8b2d9cdca1c9780f22a65680704bd9bf", "outcome": "Chicago Cubs", "price": 0.22999999999999998, "proxy_wallet": "0xdbdd45150249e229eb4ca8aa48a30dca21faa5de", "side": "BUY", "size": 5, "slug": "mlb-sd-chc-2026-06-29-spread-home-1pt5", "timestamp": "2026-06-30T02:08:08Z", "token_id": "87067066020245139265472994504456460909750125927097717889272014539866600480559", "transaction_hash": "0x75a854a2757f8c81ecd444a6e035027e7fdd178a900ca591eda03abfd8502c69"}, {"condition_id": "0xa88cca8611c239d868673646326ea8a5ea43afe08611e3ac97f4ed2e7652f6f3", "id": "0x1141555651f860d81c342dc9e9cb0e2f0178e79872b2329231771d5756666fa8_0xc96bb9b84cd4244cbf68f7e1a2b3ab91b51c15a7db3364d750f1949fb5d8402e", "outcome": "Chicago Cubs", "price": 0.7, "proxy_wallet": "0xdbdd45150249e229eb4ca8aa48a30dca21faa5de", "side": "BUY", "size": 50, "slug": "mlb-sd-chc-2026-06-29-spread-away-1pt5", "timestamp": "2026-06-30T02:07:32Z", "token_id": "113720043648673051157333550544846855815720792414018582343011872967409849288018", "transaction_hash": "0x1141555651f860d81c342dc9e9cb0e2f0178e79872b2329231771d5756666fa8"}, {"condition_id": "0xba9a25966e61386933732603c7eaa6a32290b5034f35b8c99a27127267e5ea2c", "id": "0x0af4f48f93b8a59d73273dc71650aa235433db1fdd97e33e407b4b129cf2c81a_0x011bdec9b672679e7e92a20a751beb4dfef5a249e92a41a4425a0c5dcf140590", "outcome": "San Diego Padres", "price": 0.33999999991669194, "proxy_wallet": "0xdbdd45150249e229eb4ca8aa48a30dca21faa5de", "side": "BUY", "size": 5521.676469, "slug": "mlb-sd-chc-2026-06-29", "timestamp": "2026-06-30T01:54:53Z", "token_id": "85221114576935657054454439775859151930112521576648967139785454724793328061340", "transaction_hash": "0x0af4f48f93b8a59d73273dc71650aa235433db1fdd97e33e407b4b129cf2c81a"}, {"condition_id": "0x282959ab20f0978633920170692fe7c109e27e2d2584b4be1a18ca0ba15dae51", "id": "0xf7a787a1f4e14d72ef84b70d2d71c441e3b641a1ae20574087c2d4f4a61e6886_0x80e136654ba76c27307a5689955d3b0f96450f3819d1e06fa304f61219bdd1b8", "outcome": "Over", "price": 0.3399999996580337, "proxy_wallet": "0xdbdd45150249e229eb4ca8aa48a30dca21faa5de", "side": "BUY", "size": 1637.588234, "slug": "mlb-tex-cle-2026-06-29-total-8pt5", "timestamp": "2026-06-30T01:41:44Z", "token_id": "28982218871360464982276111081310874161204966287437803001347276836058954359131", "transaction_hash": "0xf7a787a1f4e14d72ef84b70d2d71c441e3b641a1ae20574087c2d4f4a61e6886"}, {"condition_id": "0x282959ab20f0978633920170692fe7c109e27e2d2584b4be1a18ca0ba15dae51", "id": "0x2746921eb70fcd29ce487b68eef26c5ca1d9a8541961c096db8593c198bf9bed_0x2e4d631840962c144feac66a20d61a12cf6f378fed200d93433c419ea6cde97d", "outcome": "Over", "price": 0.32998749846856235, "proxy_wallet": "0xdbdd45150249e229eb4ca8aa48a30dca21faa5de", "side": "BUY", "size": 3999.51, "slug": "mlb-tex-cle-2026-06-29-total-8pt5", "timestamp": "2026-06-30T01:41:31Z", "token_id": "28982218871360464982276111081310874161204966287437803001347276836058954359131", "transaction_hash": "0x2746921eb70fcd29ce487b68eef26c5ca1d9a8541961c096db8593c198bf9bed"}, {"condition_id": "0xf109a0e7478f4746ce0c8acaa1455893bc426b1c07028fa136562dac7f5203e4", "id": "0x1cf6bf2803b28f4d52074410643c158489a6aa9523b17bd4b661dd8988546333_0x26c582f95023fa95bd8fb8be00279a7bede5e4b4d0cf3e178b2ae671859594ab", "outcome": "Miami Marlins", "price": 0.37, "proxy_wallet": "0xdbdd45150249e229eb4ca8aa48a30dca21faa5de", "side": "BUY", "size": 250, "slug": "mlb-mia-col-2026-06-29", "timestamp": "2026-06-30T01:29:23Z", "token_id": "71609804049156839227196155965371851426777544694890058987172503368828424490545", "transaction_hash": "0x1cf6bf2803b28f4d52074410643c158489a6aa9523b17bd4b661dd8988546333"}, {"condition_id": "0x51df387a3e841641d2f3e2ac517009f4c068bccc28c2b9398ebd37f57bd3be6c", "id": "0x1837f498c6aa09dda30260d4308949dee65d6ecb9d0eb4e3bdac955343c85df8_0x3246cb810c23ce552098c9929a0c0ccc65e239f289955102df5f47cb5600bacf", "outcome": "Under", "price": 0.62, "proxy_wallet": "0xdbdd45150249e229eb4ca8aa48a30dca21faa5de", "side": "BUY", "size": 16.54, "slug": "mlb-wsh-bos-2026-06-29-total-9pt5", "timestamp": "2026-06-30T01:23:31Z", "token_id": "35177057630522792304196201510327528745795459410606621720483272701395860942176", "transaction_hash": "0x1837f498c6aa09dda30260d4308949dee65d6ecb9d0eb4e3bdac955343c85df8"}, {"condition_id": "0xf109a0e7478f4746ce0c8acaa1455893bc426b1c07028fa136562dac7f5203e4", "id": "0xc692e3312c0720f4cd85f653bd66a0587ec5f8d5afa9caace1f67db4dfe3bde9_0xd6b535d53182271acec6f1fecca9265b11af5eabd3f3f816931709a0b1285078", "outcome": "Colorado Rockies", "price": 0.46, "proxy_wallet": "0xdbdd45150249e229eb4ca8aa48a30dca21faa5de", "side": "BUY", "size": 120.14, "slug": "mlb-mia-col-2026-06-29", "timestamp": "2026-06-30T01:19:59Z", "token_id": "12302478637514717727876267413205813648816717319654477047874151542001596742510", "transaction_hash": "0xc692e3312c0720f4cd85f653bd66a0587ec5f8d5afa9caace1f67db4dfe3bde9"}, {"condition_id": "0xb53f2f6277433c175fe9a15c8dac7ea42a0d7628ada09239f76827a75133b97c", "id": "0x1dac67966adf646a56e43dc31656723afbfb153dfe18067d30ad6a4a461ddf8d_0x9f8dc51cafd25edeef0c757754ed896afa26f7c8582f4f60b9f7bafe199ef306", "outcome": "Colorado Rockies", "price": 0.575, "proxy_wallet": "0xdbdd45150249e229eb4ca8aa48a30dca21faa5de", "side": "BUY", "size": 10, "slug": "mlb-mia-col-2026-06-29-spread-away-2pt5", "timestamp": "2026-06-30T01:17:32Z", "token_id": "45727366709316054467455132581396650282276423522310439146506199044357248740307", "transaction_hash": "0x1dac67966adf646a56e43dc31656723afbfb153dfe18067d30ad6a4a461ddf8d"}, {"condition_id": "0x8eb58f4f19fae4984046b6e8a214d79c7b199cea8892c9e73a7827c633200a7f", "id": "0xc44d9e0915e43e53f8a452d783d3ca406ed2e1cac3db9695d9b7dc4f869e35de_0x0dabdff6134221af2d56709c27d3afb3fda34435ff7b0acd1d6b4af32b927cb8", "outcome": "Over", "price": 0.5399999993716363, "proxy_wallet": "0xdbdd45150249e229eb4ca8aa48a30dca21faa5de", "side": "BUY", "size": 509.259258, "slug": "mlb-mia-col-2026-06-29-total-13pt5", "timestamp": "2026-06-30T01:17:32Z", "token_id": "27809107164280640742526712987310407825342352202346516306306070270333463412151", "transaction_hash": "0xc44d9e0915e43e53f8a452d783d3ca406ed2e1cac3db9695d9b7dc4f869e35de"}, {"condition_id": "0xb53f2f6277433c175fe9a15c8dac7ea42a0d7628ada09239f76827a75133b97c", "id": "0xe1be40ebf0ec9c85869625719ad5922a5b9cb5c327c068c7cc7e25b22292fcbb_0xdc966d326fa5275139912d58a44def20c2163bf9f21da5b88016079cb659ab42", "outcome": "Miami Marlins", "price": 0.36, "proxy_wallet": "0xdbdd45150249e229eb4ca8aa48a30dca21faa5de", "side": "BUY", "size": 5, "slug": "mlb-mia-col-2026-06-29-spread-away-2pt5", "timestamp": "2026-06-30T01:17:08Z", "token_id": "94523955346718863556265926121020499540065826988713447319285432722854800889528", "transaction_hash": "0xe1be40ebf0ec9c85869625719ad5922a5b9cb5c327c068c7cc7e25b22292fcbb"}, {"condition_id": "0xf109a0e7478f4746ce0c8acaa1455893bc426b1c07028fa136562dac7f5203e4", "id": "0xf88a73a42a45713c7bf20d2e1a2910c9a5b0d62bab7e32227c821e0fae3951d1_0x36683694b8644f9f669d1e5aadcdd0c3299baa1ff0683e178cf6db6f98b22d5f", "outcome": "Colorado Rockies", "price": 0.44, "proxy_wallet": "0xdbdd45150249e229eb4ca8aa48a30dca21faa5de", "side": "BUY", "size": 470, "slug": "mlb-mia-col-2026-06-29", "timestamp": "2026-06-30T01:16:13Z", "token_id": "12302478637514717727876267413205813648816717319654477047874151542001596742510", "transaction_hash": "0xf88a73a42a45713c7bf20d2e1a2910c9a5b0d62bab7e32227c821e0fae3951d1"}, {"condition_id": "0xf109a0e7478f4746ce0c8acaa1455893bc426b1c07028fa136562dac7f5203e4", "id": "0x01ee6a898b7698cad74185b3dc719c1fcca81a2528dbbf8d339d6ba59da7fec4_0xcf326bff0309f729944eaf6ce6e8baebb731d086f64ef11c9eae96e30059b5b3", "outcome": "Colorado Rockies", "price": 0.42, "proxy_wallet": "0xdbdd45150249e229eb4ca8aa48a30dca21faa5de", "side": "BUY", "size": 500, "slug": "mlb-mia-col-2026-06-29", "timestamp": "2026-06-30T01:15:32Z", "token_id": "12302478637514717727876267413205813648816717319654477047874151542001596742510", "transaction_hash": "0x01ee6a898b7698cad74185b3dc719c1fcca81a2528dbbf8d339d6ba59da7fec4"}, {"condition_id": "0x0b7ac6f707814f5ca30a9c2586c36c49a1bae6138b050137abdc0a4987b37a59", "id": "0x2ee9f81fb09f6c92a720e98242e2c61e24a0db6b42f7cafe989f06242410121d_0x0a27f4657a43553c8c4335313863a34607fa53de3cbee56e36c66eaac2638681", "outcome": "Colorado Rockies", "price": 0.53, "proxy_wallet": "0xdbdd45150249e229eb4ca8aa48a30dca21faa5de", "side": "BUY", "size": 5, "slug": "mlb-mia-col-2026-06-29-spread-away-1pt5", "timestamp": "2026-06-30T01:15:29Z", "token_id": "12082207412223774135152094630212883111013215738845611734224203632741514210169", "transaction_hash": "0x2ee9f81fb09f6c92a720e98242e2c61e24a0db6b42f7cafe989f06242410121d"}, {"condition_id": "0xb53f2f6277433c175fe9a15c8dac7ea42a0d7628ada09239f76827a75133b97c", "id": "0xae2cb8b255054af9ad5deeac3e4a3c991dfbd1b874c064962f55c6dd45eba4b5_0xe41c00a45cbe3436cea5713d74a1bb3adddf87788b363522655e031d4c233960", "outcome": "Colorado Rockies", "price": 0.64, "proxy_wallet": "0xdbdd45150249e229eb4ca8aa48a30dca21faa5de", "side": "BUY", "size": 5, "slug": "mlb-mia-col-2026-06-29-spread-away-2pt5", "timestamp": "2026-06-30T01:15:29Z", "token_id": "45727366709316054467455132581396650282276423522310439146506199044357248740307", "transaction_hash": "0xae2cb8b255054af9ad5deeac3e4a3c991dfbd1b874c064962f55c6dd45eba4b5"}, {"condition_id": "0xb721c3450f8ade6375550aa7de8df1d6dd420f24d0636f053732676a80f2b84f", "id": "0x4cf6a04aed586cee9bfc812ec827a03d5e253f2fc68f14201ec4feb89677efbd_0x6a37e83f8841a75ae09e167fd8ffbf4ad022c70ee681dfd91869c729108f988a", "outcome": "Over", "price": 0.5599999999999999, "proxy_wallet": "0xdbdd45150249e229eb4ca8aa48a30dca21faa5de", "side": "BUY", "size": 0.03, "slug": "mlb-mia-col-2026-06-29-total-12pt5", "timestamp": "2026-06-30T01:15:23Z", "token_id": "69157487508608443092563441131067574602007544522593321292086440571467044773712", "transaction_hash": "0x4cf6a04aed586cee9bfc812ec827a03d5e253f2fc68f14201ec4feb89677efbd"}, {"condition_id": "0x75c001657761d5dce1e0a81705a7381b247c31aa2b0d8e9c64de314da5968952", "id": "0x977d62e73c557df19e656a05ce40e2c23f2ec13f52db09e0937c0789cc55a2bf_0x77311a555af2e7a45b943bd75cc611011d8986e2d44e9c02bfd3a146865aad7f", "outcome": "Over", "price": 0.63, "proxy_wallet": "0xdbdd45150249e229eb4ca8aa48a30dca21faa5de", "side": "BUY", "size": 2138.21, "slug": "mlb-mia-col-2026-06-29-total-11pt5", "timestamp": "2026-06-30T01:15:20Z", "token_id": "33824169152737085527670361372502431558826777318071712893261072199388231317795", "transaction_hash": "0x977d62e73c557df19e656a05ce40e2c23f2ec13f52db09e0937c0789cc55a2bf"}, {"condition_id": "0x654712801f3799409dffe221d2dce0f1b55eb6ba18f2c8d19bcafd0724e33f62", "id": "0x5fb3c61c1b468652cc6b49753bd4f6b09c23bd895e24af7c13bc917a55a9bb11_0xe76a7609a06d9d1f0a470bebac0b40eed0656ed796d2319fedf0c0ddf34475d6", "outcome": "Toronto Blue Jays", "price": 0.2999999998915064, "proxy_wallet": "0xdbdd45150249e229eb4ca8aa48a30dca21faa5de", "side": "BUY", "size": 4608.566665, "slug": "mlb-nym-tor-2026-06-29-spread-home-1pt5", "timestamp": "2026-06-30T01:10:28Z", "token_id": "23977333477913370360449184694916510372436987206102794824546279672354195676259", "transaction_hash": "0x5fb3c61c1b468652cc6b49753bd4f6b09c23bd895e24af7c13bc917a55a9bb11"}, {"condition_id": "0x654712801f3799409dffe221d2dce0f1b55eb6ba18f2c8d19bcafd0724e33f62", "id": "0x9297eda6dac7044d0956437a9cb65e15d8326ffd76ce1e3678fdf6e621f3c083_0x33afcc86cfb65a97c14c20f927085af7b80c9c57683bae5358dceea84d58c5db", "outcome": "Toronto Blue Jays", "price": 0.28, "proxy_wallet": "0xdbdd45150249e229eb4ca8aa48a30dca21faa5de", "side": "BUY", "size": 13, "slug": "mlb-nym-tor-2026-06-29-spread-home-1pt5", "timestamp": "2026-06-30T01:09:58Z", "token_id": "23977333477913370360449184694916510372436987206102794824546279672354195676259", "transaction_hash": "0x9297eda6dac7044d0956437a9cb65e15d8326ffd76ce1e3678fdf6e621f3c083"}, {"condition_id": "0x654712801f3799409dffe221d2dce0f1b55eb6ba18f2c8d19bcafd0724e33f62", "id": "0x74bb244c386e25af7635b2cd23ef899d73a5c52cbfc16b5a15a2909985b96e00_0x4fc9ee7f5ab0ea5629cf5b8af3170d978b17ac4a14c9c41e16c52ff131435adb", "outcome": "Toronto Blue Jays", "price": 0.24046330615270572, "proxy_wallet": "0xdbdd45150249e229eb4ca8aa48a30dca21faa5de", "side": "BUY", "size": 323.76, "slug": "mlb-nym-tor-2026-06-29-spread-home-1pt5", "timestamp": "2026-06-30T01:04:20Z", "token_id": "23977333477913370360449184694916510372436987206102794824546279672354195676259", "transaction_hash": "0x74bb244c386e25af7635b2cd23ef899d73a5c52cbfc16b5a15a2909985b96e00"}, {"condition_id": "0x9a76083189bea07a7b419ce0044716ba2388fe24f7f8310703fec95e6408a1f8", "id": "0x322b38f08af2cb3e2b67d1ab0fffb7736d255c090aa9bbe2640c9ad16a45267d_0x33e0de9b805bbda101041da36369295ad48c259a8becf0aeaf9149b762daab1e", "outcome": "Boston Red Sox", "price": 0.5, "proxy_wallet": "0xdbdd45150249e229eb4ca8aa48a30dca21faa5de", "side": "BUY", "size": 19.5, "slug": "mlb-wsh-bos-2026-06-29-spread-home-2pt5", "timestamp": "2026-06-30T00:59:23Z", "token_id": "112917643132913630436222813524631253380418269204211266707384508057901526890205", "transaction_hash": "0x322b38f08af2cb3e2b67d1ab0fffb7736d255c090aa9bbe2640c9ad16a45267d"}, {"condition_id": "0xf3869157b5e6914f96126ea7c8d34e0f7623dd2557d2266d4616440feb93deed", "id": "0x74733a7a59d740bf86547d860a1a1294329cc8b667efcba17b1ff3d44fee905a_0x102c7c4d677066edfd58291afa7adb2d036c7ba1f51e55e38400ed8b1bc7be03", "outcome": "Boston Red Sox", "price": 0.8202589416373229, "proxy_wallet": "0xdbdd45150249e229eb4ca8aa48a30dca21faa5de", "side": "BUY", "size": 732.695452, "slug": "mlb-wsh-bos-2026-06-29", "timestamp": "2026-06-30T00:59:16Z", "token_id": "81932918943304113281382894314281232293758027698997140511926735287546925728043", "transaction_hash": "0x74733a7a59d740bf86547d860a1a1294329cc8b667efcba17b1ff3d44fee905a"}, {"condition_id": "0xf7d3a6fdd54646cef484865e3a93a7380164554a9b2418190629b3468cfe29be", "id": "0x27a967aa3a73ee40e125a6b6199eba47e826b195b2efb35bc21baacd4b566f3d_0xd4d8d7f81bd9eac607082add4fa331e9cd945b511ff54b9bac6d70ef492785d3", "outcome": "Boston Red Sox", "price": 0.663125, "proxy_wallet": "0xdbdd45150249e229eb4ca8aa48a30dca21faa5de", "side": "BUY", "size": 48, "slug": "mlb-wsh-bos-2026-06-29-spread-home-1pt5", "timestamp": "2026-06-30T00:59:16Z", "token_id": "19024120917289879490339622670817450801426387955266909133398837533217148417618", "transaction_hash": "0x27a967aa3a73ee40e125a6b6199eba47e826b195b2efb35bc21baacd4b566f3d"}, {"condition_id": "0xa30563b85441d13ea44e30d8b6f99cb7b6ff538196c59860565d83541ab5691c", "id": "0x1bb2a69a6c6dc950df43caa80b6ae0176ead70d71345ad751e764b9d1fef7bb2_0x8ad580c6a85d9d1cffad7a376585dc2967a71cbbedc50f61404c5530bf9c2e8d", "outcome": "Over", "price": 0.3, "proxy_wallet": "0xdbdd45150249e229eb4ca8aa48a30dca21faa5de", "side": "BUY", "size": 15.46, "slug": "mlb-nym-tor-2026-06-29-total-5pt5", "timestamp": "2026-06-30T00:57:46Z", "token_id": "60724643698142502730736868738338008726865552634571048906661788724391340844291", "transaction_hash": "0x1bb2a69a6c6dc950df43caa80b6ae0176ead70d71345ad751e764b9d1fef7bb2"}, {"condition_id": "0xa30563b85441d13ea44e30d8b6f99cb7b6ff538196c59860565d83541ab5691c", "id": "0xa362b40b04f06dafa47d062b045dc68e3e88958a4d17e1b654d046394a73d167_0x1c3cf1e202ad13dd598cfcbeb2e8dc4296fc193008a5ff52f964f85f63a77141", "outcome": "Over", "price": 0.37, "proxy_wallet": "0xdbdd45150249e229eb4ca8aa48a30dca21faa5de", "side": "BUY", "size": 5, "slug": "mlb-nym-tor-2026-06-29-total-5pt5", "timestamp": "2026-06-30T00:55:28Z", "token_id": "60724643698142502730736868738338008726865552634571048906661788724391340844291", "transaction_hash": "0xa362b40b04f06dafa47d062b045dc68e3e88958a4d17e1b654d046394a73d167"}, {"condition_id": "0x654712801f3799409dffe221d2dce0f1b55eb6ba18f2c8d19bcafd0724e33f62", "id": "0x264ff9a9144761c43d3494490cd83be50d1cb49279db055829406dd193378237_0xdcbc3cd8a0e79293950b6409fab58b5dbe2df962d4deed53b83a04aae723fff3", "outcome": "Toronto Blue Jays", "price": 0.3799999912049009, "proxy_wallet": "0xdbdd45150249e229eb4ca8aa48a30dca21faa5de", "side": "BUY", "size": 38.657893, "slug": "mlb-nym-tor-2026-06-29-spread-home-1pt5", "timestamp": "2026-06-30T00:55:17Z", "token_id": "23977333477913370360449184694916510372436987206102794824546279672354195676259", "transaction_hash": "0x264ff9a9144761c43d3494490cd83be50d1cb49279db055829406dd193378237"}, {"condition_id": "0x654712801f3799409dffe221d2dce0f1b55eb6ba18f2c8d19bcafd0724e33f62", "id": "0xb5456df893196fd1bb950a8b334df0e7510bc218658a61e83ceb88da3a0344c5_0x096c24b3fa4093246b5285022698abc02c3bac03251abee954957adabda01eef", "outcome": "Toronto Blue Jays", "price": 0.38, "proxy_wallet": "0xdbdd45150249e229eb4ca8aa48a30dca21faa5de", "side": "BUY", "size": 5, "slug": "mlb-nym-tor-2026-06-29-spread-home-1pt5", "timestamp": "2026-06-30T00:54:11Z", "token_id": "23977333477913370360449184694916510372436987206102794824546279672354195676259", "transaction_hash": "0xb5456df893196fd1bb950a8b334df0e7510bc218658a61e83ceb88da3a0344c5"}, {"condition_id": "0x654712801f3799409dffe221d2dce0f1b55eb6ba18f2c8d19bcafd0724e33f62", "id": "0x673f3485f2d6673ee7100c33b2acbe0f33b349d738c630267aa5e08e105d48ed_0x55a2a1f77bb63b54f22079ddbb410a07609a0edd076e209cdd8a2f131c4a5ad3", "outcome": "Toronto Blue Jays", "price": 0.34, "proxy_wallet": "0xdbdd45150249e229eb4ca8aa48a30dca21faa5de", "side": "BUY", "size": 500, "slug": "mlb-nym-tor-2026-06-29-spread-home-1pt5", "timestamp": "2026-06-30T00:49:49Z", "token_id": "23977333477913370360449184694916510372436987206102794824546279672354195676259", "transaction_hash": "0x673f3485f2d6673ee7100c33b2acbe0f33b349d738c630267aa5e08e105d48ed"}, {"condition_id": "0x1f6286fd43443114f1cb3ed2431bd925bb5e445f20b20ca9bf67c365d1f1cd1f", "id": "0xab5d446fb9e62d5d6e663f242d49791ed0778d3cbab5413f01ae21bf49b64713_0xdea2046e522af244bf31ecfc5b7fb68fd081788a3fa6df7a39201acb12303e9d", "outcome": "Under", "price": 0.65, "proxy_wallet": "0xdbdd45150249e229eb4ca8aa48a30dca21faa5de", "side": "BUY", "size": 1, "slug": "mlb-wsh-bos-2026-06-29-total-13pt5", "timestamp": "2026-06-30T00:13:58Z", "token_id": "108233022308365784287035021969927307701143521740685493306676179825945163408745", "transaction_hash": "0xab5d446fb9e62d5d6e663f242d49791ed0778d3cbab5413f01ae21bf49b64713"}, {"condition_id": "0x8c9451611a85cfa9ee09576d994488cc6efdae443e76d0b33acc46da6077e6e6", "id": "0xd86397eca69e94940579e5440da766240b84dc5040f59fd218bb9b93fb23a2dd_0x7c7735337fc338d010f906f629cb3ab93f56845ea2eac38dfcfebdb993c9085b", "outcome": "Detroit Tigers", "price": 0.73, "proxy_wallet": "0xdbdd45150249e229eb4ca8aa48a30dca21faa5de", "side": "BUY", "size": 1, "slug": "mlb-det-nyy-2026-06-29-spread-away-2pt5", "timestamp": "2026-06-30T00:08:31Z", "token_id": "323713108886565335851144457114613654858846507257729105431921695306450919095", "transaction_hash": "0xd86397eca69e94940579e5440da766240b84dc5040f59fd218bb9b93fb23a2dd"}, {"condition_id": "0xf3869157b5e6914f96126ea7c8d34e0f7623dd2557d2266d4616440feb93deed", "id": "0xff8c8ef8df9040a73301a651e361119de54d5ee438d5f2bef58ff433257841d4_0x28109bc2f0c8d49e18ebc97d5927f672f88a457260e60acc1b216f752833a8fe", "outcome": "Boston Red Sox", "price": 0.56, "proxy_wallet": "0xdbdd45150249e229eb4ca8aa48a30dca21faa5de", "side": "BUY", "size": 350.08, "slug": "mlb-wsh-bos-2026-06-29", "timestamp": "2026-06-29T23:24:19Z", "token_id": "81932918943304113281382894314281232293758027698997140511926735287546925728043", "transaction_hash": "0xff8c8ef8df9040a73301a651e361119de54d5ee438d5f2bef58ff433257841d4"}, {"condition_id": "0xf3869157b5e6914f96126ea7c8d34e0f7623dd2557d2266d4616440feb93deed", "id": "0xfbb3a6a3a6099dd39ba6f15d6fd4c4cc799c4c4995e0460addb97c9ef88594f3_0xec2748b083b1077e15e45b0dcf2a4745878452848a843b963ac616997bdf38a7", "outcome": "Boston Red Sox", "price": 0.559999999842807, "proxy_wallet": "0xdbdd45150249e229eb4ca8aa48a30dca21faa5de", "side": "BUY", "size": 254.464284, "slug": "mlb-wsh-bos-2026-06-29", "timestamp": "2026-06-29T23:24:13Z", "token_id": "81932918943304113281382894314281232293758027698997140511926735287546925728043", "transaction_hash": "0xfbb3a6a3a6099dd39ba6f15d6fd4c4cc799c4c4995e0460addb97c9ef88594f3"}], "polled_at": "2026-06-30T03:06:08.406358+00:00"}