{"wallet": "0xfe787d2da716d60e8acff57fb87eb13cd4d10319", "total_trades_90d": 200, "mlb_trades_count": 50, "mlb_condition_ids": ["0x036b0c654502bb269410e8353735575a9203fc24acb8a321b6945c9d7ef7f25f", "0x04c736342b639e05fc4eb5512a7b46fec794e79c93a6c06b89e866fe70d15003", "0x3e47e9ab777735fd1dae04df35e34536c38cbd4a01f173eb1acee0ce88b80c13", "0x600b08997c6fddf5bdb27e65a22b597801112c20845a6caad9406a8c81cba7e4", "0x7064b4bf253860b051624b34e4b58db0a05e63b08248c7f337407ea1ddcf58ae", "0x837b796bb05855b5c76229f0e1ad786d8228ec8baed86f9bf8757bc5b4e5bba0", "0x84a221a1818f255df6dee1848285e45ec6c1a91a14f827c5bea5d432cdcd4848", "0x92d1554c56357d9c2a8e6c64f85258c07e78b75bb1adb3147d037a9ab8a479d5", "0x9393dfde27f17a0ff4feb8e0b2ec374b823be80363257525262154d8b498c50b", "0xc914b1455039d1c6d255982f542c22f6793f576d1c073d465e732992bd72ac04", "0xd9cc6cab2b849735d919e8547bf2e58a05f757f91b78d1e13b1aa663721162f6", "0xf44e5f729fb3648e7c5f55a813a977d8ca3eb2c4cd346ba37947d12edb87cef1", "0xffcc16466bec36ad1a0d27106b53eaf338b4013c40fa6fdf446819e14318141d"], "mlb_trade_details": [{"condition_id": "0x84a221a1818f255df6dee1848285e45ec6c1a91a14f827c5bea5d432cdcd4848", "id": "0x6926d51ade6c881420a3bb3fbfc09e3756c5c872e823de7d0bba07b68545d13e_0x6589e7b2e7d902ef31ecd76deb08e5c0a9efd9aaab611ed3fea88ae8ed550a0a", "outcome": "St. Louis Cardinals", "price": 0.2900000173170868, "proxy_wallet": "0xfe787d2da716d60e8acff57fb87eb13cd4d10319", "side": "BUY", "size": 1.732393, "slug": "mlb-stl-atl-2026-07-01", "timestamp": "2026-07-02T00:31:53Z", "token_id": "36948135013647916707255990505166983147760938050879768328818959272114914421669", "transaction_hash": "0x6926d51ade6c881420a3bb3fbfc09e3756c5c872e823de7d0bba07b68545d13e"}, {"condition_id": "0x84a221a1818f255df6dee1848285e45ec6c1a91a14f827c5bea5d432cdcd4848", "id": "0x2dc03b23b8e15c6f979bccdc6d72db750ebf8770553f1cdc646311ab3e0ff3bc_0x6589e7b2e7d902ef31ecd76deb08e5c0a9efd9aaab611ed3fea88ae8ed550a0a", "outcome": "St. Louis Cardinals", "price": 0.29000000338812315, "proxy_wallet": "0xfe787d2da716d60e8acff57fb87eb13cd4d10319", "side": "BUY", "size": 26.563379, "slug": "mlb-stl-atl-2026-07-01", "timestamp": "2026-07-02T00:31:53Z", "token_id": "36948135013647916707255990505166983147760938050879768328818959272114914421669", "transaction_hash": "0x2dc03b23b8e15c6f979bccdc6d72db750ebf8770553f1cdc646311ab3e0ff3bc"}, {"condition_id": "0x84a221a1818f255df6dee1848285e45ec6c1a91a14f827c5bea5d432cdcd4848", "id": "0x5e91b23e0e0dfb9834c2f0aebc0f1c67bdd5661728848449aab2b43715d277ae_0x6589e7b2e7d902ef31ecd76deb08e5c0a9efd9aaab611ed3fea88ae8ed550a0a", "outcome": "St. Louis Cardinals", "price": 0.29000006513766846, "proxy_wallet": "0xfe787d2da716d60e8acff57fb87eb13cd4d10319", "side": "BUY", "size": 1.53521, "slug": "mlb-stl-atl-2026-07-01", "timestamp": "2026-07-02T00:31:52Z", "token_id": "36948135013647916707255990505166983147760938050879768328818959272114914421669", "transaction_hash": "0x5e91b23e0e0dfb9834c2f0aebc0f1c67bdd5661728848449aab2b43715d277ae"}, {"condition_id": "0x3e47e9ab777735fd1dae04df35e34536c38cbd4a01f173eb1acee0ce88b80c13", "id": "0x226a9a5250c5c9503214a84072ec8e74fa36c85e690d01e05ae09e911f75b4a2_0xc76f9f1eef3bcfe0629595301d7b9334defdc5237580e06cc23ad2793aab200c", "outcome": "Houston Astros", "price": 0.45999999999999996, "proxy_wallet": "0xfe787d2da716d60e8acff57fb87eb13cd4d10319", "side": "BUY", "size": 3.99, "slug": "mlb-min-hou-2026-07-01", "timestamp": "2026-07-02T00:31:41Z", "token_id": "79631088649261138787540203435937411982125789136915870373394273596147449567397", "transaction_hash": "0x226a9a5250c5c9503214a84072ec8e74fa36c85e690d01e05ae09e911f75b4a2"}, {"condition_id": "0x84a221a1818f255df6dee1848285e45ec6c1a91a14f827c5bea5d432cdcd4848", "id": "0xca4d7027a73255760d24f641ab9e357731da0b2cddb0388bc14f69263a99f0d3_0x6589e7b2e7d902ef31ecd76deb08e5c0a9efd9aaab611ed3fea88ae8ed550a0a", "outcome": "St. Louis Cardinals", "price": 0.2900000089028221, "proxy_wallet": "0xfe787d2da716d60e8acff57fb87eb13cd4d10319", "side": "BUY", "size": 13.478872, "slug": "mlb-stl-atl-2026-07-01", "timestamp": "2026-07-02T00:31:25Z", "token_id": "36948135013647916707255990505166983147760938050879768328818959272114914421669", "transaction_hash": "0xca4d7027a73255760d24f641ab9e357731da0b2cddb0388bc14f69263a99f0d3"}, {"condition_id": "0x84a221a1818f255df6dee1848285e45ec6c1a91a14f827c5bea5d432cdcd4848", "id": "0x4f58c2be049880f440a19ef94f35ac310ca988f6fd07100580b66edf47d03678_0x6589e7b2e7d902ef31ecd76deb08e5c0a9efd9aaab611ed3fea88ae8ed550a0a", "outcome": "St. Louis Cardinals", "price": 0.29000000000000004, "proxy_wallet": "0xfe787d2da716d60e8acff57fb87eb13cd4d10319", "side": "BUY", "size": 310.58, "slug": "mlb-stl-atl-2026-07-01", "timestamp": "2026-07-02T00:30:34Z", "token_id": "36948135013647916707255990505166983147760938050879768328818959272114914421669", "transaction_hash": "0x4f58c2be049880f440a19ef94f35ac310ca988f6fd07100580b66edf47d03678"}, {"condition_id": "0x600b08997c6fddf5bdb27e65a22b597801112c20845a6caad9406a8c81cba7e4", "id": "0xc57246a14b25c796973ed762097ef727742919f93d68215250b0e13364f492b2_0x2acd1bdae175f5e3dfb3ed21b38deedcd3856858f08af1ac1d6db109bb561e1a", "outcome": "Minnesota Twins", "price": 0.7200000000000001, "proxy_wallet": "0xfe787d2da716d60e8acff57fb87eb13cd4d10319", "side": "BUY", "size": 89.27, "slug": "mlb-min-hou-2026-07-01-spread-home-1pt5", "timestamp": "2026-07-02T00:30:19Z", "token_id": "71012668054700972369294102168654859337905154941596835740023498672906887468193", "transaction_hash": "0xc57246a14b25c796973ed762097ef727742919f93d68215250b0e13364f492b2"}, {"condition_id": "0xffcc16466bec36ad1a0d27106b53eaf338b4013c40fa6fdf446819e14318141d", "id": "0xa0410ed91ab1c76a298273233a31d21038c7245568002947ceda771c6c677444_0xab62461a4d835c8f4f56091787452df48ba587292a577a9020447b5cbb58a9de", "outcome": "Milwaukee Brewers", "price": 0.8, "proxy_wallet": "0xfe787d2da716d60e8acff57fb87eb13cd4d10319", "side": "BUY", "size": 13, "slug": "mlb-cin-mil-2026-07-01", "timestamp": "2026-07-02T00:29:50Z", "token_id": "19711007897046031044579594275312405944771254350980802153302868685653200183646", "transaction_hash": "0xa0410ed91ab1c76a298273233a31d21038c7245568002947ceda771c6c677444"}, {"condition_id": "0xffcc16466bec36ad1a0d27106b53eaf338b4013c40fa6fdf446819e14318141d", "id": "0x30ca5de1b9473da3b0b1555748fa583a79d96048e72be4065c91a1ce557aa726_0xab62461a4d835c8f4f56091787452df48ba587292a577a9020447b5cbb58a9de", "outcome": "Milwaukee Brewers", "price": 0.8, "proxy_wallet": "0xfe787d2da716d60e8acff57fb87eb13cd4d10319", "side": "BUY", "size": 95, "slug": "mlb-cin-mil-2026-07-01", "timestamp": "2026-07-02T00:29:41Z", "token_id": "19711007897046031044579594275312405944771254350980802153302868685653200183646", "transaction_hash": "0x30ca5de1b9473da3b0b1555748fa583a79d96048e72be4065c91a1ce557aa726"}, {"condition_id": "0xffcc16466bec36ad1a0d27106b53eaf338b4013c40fa6fdf446819e14318141d", "id": "0x98f5b0b73da2ee4286c74dff813a608a3539d54b427ccb605d4d234496f1e813_0x4a6bee3db298c3bc576d6697058ebcd5db0c4ca4f2f097e493f240d8ffb61204", "outcome": "Cincinnati Reds", "price": 0.1800000164000161, "proxy_wallet": "0xfe787d2da716d60e8acff57fb87eb13cd4d10319", "side": "BUY", "size": 1.219511, "slug": "mlb-cin-mil-2026-07-01", "timestamp": "2026-07-02T00:29:04Z", "token_id": "113358608150512001269864923288418646714914260349596543233339365306930097854218", "transaction_hash": "0x98f5b0b73da2ee4286c74dff813a608a3539d54b427ccb605d4d234496f1e813"}, {"condition_id": "0xd9cc6cab2b849735d919e8547bf2e58a05f757f91b78d1e13b1aa663721162f6", "id": "0xdf3d98d3c85c43bd13e80217603099faf0a9798a77c71d8b9534bb6f1c4c1b58_0x5a0582fcf2401cc652d44b53bbe1bd7b492e982dbcb83985cfcb3893c83c8583", "outcome": "Philadelphia Phillies", "price": 0.32, "proxy_wallet": "0xfe787d2da716d60e8acff57fb87eb13cd4d10319", "side": "BUY", "size": 300, "slug": "mlb-pit-phi-2026-07-01-spread-home-5pt5", "timestamp": "2026-07-02T00:27:56Z", "token_id": "28443208295245429168826369368423549685125536046621376210564797279033004966424", "transaction_hash": "0xdf3d98d3c85c43bd13e80217603099faf0a9798a77c71d8b9534bb6f1c4c1b58"}, {"condition_id": "0x9393dfde27f17a0ff4feb8e0b2ec374b823be80363257525262154d8b498c50b", "id": "0x88ac91c7754fc6aac3aa963f63f0b8727716da2d489b59cfd925133c6e80a468_0x971a06dde57bc9c78480f979df9f8a40202c2b4f85e53d34847fab2097415fcb", "outcome": "Cincinnati Reds", "price": 0.35, "proxy_wallet": "0xfe787d2da716d60e8acff57fb87eb13cd4d10319", "side": "BUY", "size": 14.58, "slug": "mlb-cin-mil-2026-07-01-spread-home-1pt5", "timestamp": "2026-07-02T00:27:47Z", "token_id": "57668114927480591978383107160570828101135679487559437631013385731858602017640", "transaction_hash": "0x88ac91c7754fc6aac3aa963f63f0b8727716da2d489b59cfd925133c6e80a468"}, {"condition_id": "0x036b0c654502bb269410e8353735575a9203fc24acb8a321b6945c9d7ef7f25f", "id": "0xc6af0dabdf2fbb9199cd9598f86825964701108055c0427bd508926d1d45944e_0x8c6f36128a43dc322b583854fb8d17bd594dd52ceb8e527d4a2073ab40737b4b", "outcome": "Tampa Bay Rays", "price": 0.75, "proxy_wallet": "0xfe787d2da716d60e8acff57fb87eb13cd4d10319", "side": "BUY", "size": 8481.52, "slug": "mlb-tb-kc-2026-07-01", "timestamp": "2026-07-02T00:26:49Z", "token_id": "40790751814144901788779780161768084552835822185953930666670964684954911865209", "transaction_hash": "0xc6af0dabdf2fbb9199cd9598f86825964701108055c0427bd508926d1d45944e"}, {"condition_id": "0x036b0c654502bb269410e8353735575a9203fc24acb8a321b6945c9d7ef7f25f", "id": "0xc6af0dabdf2fbb9199cd9598f86825964701108055c0427bd508926d1d45944e_0xf8ae37f0d53f9bc0f271705e98889bbf113f280bbd6072b4f52be1e0ec6f7961", "outcome": "Tampa Bay Rays", "price": 0.75, "proxy_wallet": "0xfe787d2da716d60e8acff57fb87eb13cd4d10319", "side": "BUY", "size": 2546.68, "slug": "mlb-tb-kc-2026-07-01", "timestamp": "2026-07-02T00:26:49Z", "token_id": "40790751814144901788779780161768084552835822185953930666670964684954911865209", "transaction_hash": "0xc6af0dabdf2fbb9199cd9598f86825964701108055c0427bd508926d1d45944e"}, {"condition_id": "0x04c736342b639e05fc4eb5512a7b46fec794e79c93a6c06b89e866fe70d15003", "id": "0xb2124fbafb6b91cdc97076986712ef3f28ef4a7cefb0307605636beb167093ac_0xdccfbec110de13b41ddc9ea06c14a60ce432bad84066a1492c792902f8f1484e", "outcome": "Philadelphia Phillies", "price": 0.931, "proxy_wallet": "0xfe787d2da716d60e8acff57fb87eb13cd4d10319", "side": "BUY", "size": 17250, "slug": "mlb-pit-phi-2026-07-01", "timestamp": "2026-07-02T00:26:11Z", "token_id": "43437286804327642558294165368901345641980025690619789279608914488234283546155", "transaction_hash": "0xb2124fbafb6b91cdc97076986712ef3f28ef4a7cefb0307605636beb167093ac"}, {"condition_id": "0x04c736342b639e05fc4eb5512a7b46fec794e79c93a6c06b89e866fe70d15003", "id": "0xb2124fbafb6b91cdc97076986712ef3f28ef4a7cefb0307605636beb167093ac_0x777ed2b49ec84d52101c42e5609fb7d89c1885d823bf275ca4373cd225b08f78", "outcome": "Philadelphia Phillies", "price": 0.93, "proxy_wallet": "0xfe787d2da716d60e8acff57fb87eb13cd4d10319", "side": "BUY", "size": 4343.04, "slug": "mlb-pit-phi-2026-07-01", "timestamp": "2026-07-02T00:26:11Z", "token_id": "43437286804327642558294165368901345641980025690619789279608914488234283546155", "transaction_hash": "0xb2124fbafb6b91cdc97076986712ef3f28ef4a7cefb0307605636beb167093ac"}, {"condition_id": "0x04c736342b639e05fc4eb5512a7b46fec794e79c93a6c06b89e866fe70d15003", "id": "0xb2124fbafb6b91cdc97076986712ef3f28ef4a7cefb0307605636beb167093ac_0xf04de9e34137e994e2c1e77084738e5463e2a6f42a1f5b2606580879763bf8db", "outcome": "Philadelphia Phillies", "price": 0.93, "proxy_wallet": "0xfe787d2da716d60e8acff57fb87eb13cd4d10319", "side": "BUY", "size": 4616, "slug": "mlb-pit-phi-2026-07-01", "timestamp": "2026-07-02T00:26:11Z", "token_id": "43437286804327642558294165368901345641980025690619789279608914488234283546155", "transaction_hash": "0xb2124fbafb6b91cdc97076986712ef3f28ef4a7cefb0307605636beb167093ac"}, {"condition_id": "0xf44e5f729fb3648e7c5f55a813a977d8ca3eb2c4cd346ba37947d12edb87cef1", "id": "0xe1b0b1fe8486feb09222bd6215147c53b81b9271ba52b6922d415b3d39287741_0x20e1c1368d12d480492f5c2ef412c653d239ca61ef65d54e1afbef754b843e97", "outcome": "Over", "price": 0.5299999999999999, "proxy_wallet": "0xfe787d2da716d60e8acff57fb87eb13cd4d10319", "side": "BUY", "size": 66, "slug": "mlb-cin-mil-2026-07-01-total-9pt5", "timestamp": "2026-07-02T00:25:34Z", "token_id": "85990694967850015405671434466047700741524177491437704841110849833943487713058", "transaction_hash": "0xe1b0b1fe8486feb09222bd6215147c53b81b9271ba52b6922d415b3d39287741"}, {"condition_id": "0xffcc16466bec36ad1a0d27106b53eaf338b4013c40fa6fdf446819e14318141d", "id": "0x7136aa1ce6a3b9ee87826d1cd7ed87da74ecb87af1fce7d47c3c39563ba3e417_0x3d303c3d33bffb65bf106798ca8f7fba37b767733051242d8a254cafaeca1e00", "outcome": "Milwaukee Brewers", "price": 0.7599999999999999, "proxy_wallet": "0xfe787d2da716d60e8acff57fb87eb13cd4d10319", "side": "BUY", "size": 5.48, "slug": "mlb-cin-mil-2026-07-01", "timestamp": "2026-07-02T00:25:05Z", "token_id": "19711007897046031044579594275312405944771254350980802153302868685653200183646", "transaction_hash": "0x7136aa1ce6a3b9ee87826d1cd7ed87da74ecb87af1fce7d47c3c39563ba3e417"}, {"condition_id": "0xf44e5f729fb3648e7c5f55a813a977d8ca3eb2c4cd346ba37947d12edb87cef1", "id": "0xe490826194ebce7d15445da70d2bbb1461676b6039f56be8b4fa385df5a6726c_0x15d02886ddd864f46045f23c225161b6c347670890c4f8eee14aa39dcfd3bcb0", "outcome": "Over", "price": 0.53, "proxy_wallet": "0xfe787d2da716d60e8acff57fb87eb13cd4d10319", "side": "BUY", "size": 1241, "slug": "mlb-cin-mil-2026-07-01-total-9pt5", "timestamp": "2026-07-02T00:25:04Z", "token_id": "85990694967850015405671434466047700741524177491437704841110849833943487713058", "transaction_hash": "0xe490826194ebce7d15445da70d2bbb1461676b6039f56be8b4fa385df5a6726c"}, {"condition_id": "0x92d1554c56357d9c2a8e6c64f85258c07e78b75bb1adb3147d037a9ab8a479d5", "id": "0xfc8ccce4d9e98a9ad41ab1c9d4a10ae459ec9d12abf9653a15a77471d6176366_0x77fba56c239e0e33f51645dd4b610a7c2958fd0ab548898445e4871e4574fd88", "outcome": "St. Louis Cardinals", "price": 0.490000001358706, "proxy_wallet": "0xfe787d2da716d60e8acff57fb87eb13cd4d10319", "side": "BUY", "size": 103.039214, "slug": "mlb-stl-atl-2026-07-01-spread-home-1pt5", "timestamp": "2026-07-02T00:24:59Z", "token_id": "30578524532310779190336623344667634048344204659826835187232950845284473965431", "transaction_hash": "0xfc8ccce4d9e98a9ad41ab1c9d4a10ae459ec9d12abf9653a15a77471d6176366"}, {"condition_id": "0xffcc16466bec36ad1a0d27106b53eaf338b4013c40fa6fdf446819e14318141d", "id": "0x268a1cceca4b32c3b8aa09fe358397cbf2dba9697818dace4d34029adc62ba8b_0x44fd2fc401d9cf4434695da2f1f8ead6a409a8b11fbbdd15d579b20cdff8da84", "outcome": "Milwaukee Brewers", "price": 0.75, "proxy_wallet": "0xfe787d2da716d60e8acff57fb87eb13cd4d10319", "side": "BUY", "size": 40, "slug": "mlb-cin-mil-2026-07-01", "timestamp": "2026-07-02T00:24:49Z", "token_id": "19711007897046031044579594275312405944771254350980802153302868685653200183646", "transaction_hash": "0x268a1cceca4b32c3b8aa09fe358397cbf2dba9697818dace4d34029adc62ba8b"}, {"condition_id": "0xffcc16466bec36ad1a0d27106b53eaf338b4013c40fa6fdf446819e14318141d", "id": "0xd1bb261ffd5f94eeac26e21c9c9fb81bf598861f4864248cb00b669b84f3f248_0x44fd2fc401d9cf4434695da2f1f8ead6a409a8b11fbbdd15d579b20cdff8da84", "outcome": "Milwaukee Brewers", "price": 0.75, "proxy_wallet": "0xfe787d2da716d60e8acff57fb87eb13cd4d10319", "side": "BUY", "size": 8, "slug": "mlb-cin-mil-2026-07-01", "timestamp": "2026-07-02T00:24:46Z", "token_id": "19711007897046031044579594275312405944771254350980802153302868685653200183646", "transaction_hash": "0xd1bb261ffd5f94eeac26e21c9c9fb81bf598861f4864248cb00b669b84f3f248"}, {"condition_id": "0xc914b1455039d1c6d255982f542c22f6793f576d1c073d465e732992bd72ac04", "id": "0xa7ca45f8e4de0728c1afae014d96d6e45a87f8ae4bc130829d02a96ce5eabdb3_0x01e5b9db859efbe566c6afe247302082853256a6bcda62f9fd47e09f2c611f42", "outcome": "Kansas City Royals", "price": 0.37000006613266284, "proxy_wallet": "0xfe787d2da716d60e8acff57fb87eb13cd4d10319", "side": "BUY", "size": 2.873013, "slug": "mlb-tb-kc-2026-07-01-spread-away-1pt5", "timestamp": "2026-07-02T00:24:31Z", "token_id": "7225121441388963936884199336668789727281626506518188264345709913372122271098", "transaction_hash": "0xa7ca45f8e4de0728c1afae014d96d6e45a87f8ae4bc130829d02a96ce5eabdb3"}, {"condition_id": "0x9393dfde27f17a0ff4feb8e0b2ec374b823be80363257525262154d8b498c50b", "id": "0x493784bb7d265c6aae152b4c59e4aa0b4a8794226fd0a82ddd66c26915a62779_0x39df9dcb53aaa77e013206f4f2f75056a966a8d953a9dc43965a9f26642362fb", "outcome": "Cincinnati Reds", "price": 0.39, "proxy_wallet": "0xfe787d2da716d60e8acff57fb87eb13cd4d10319", "side": "BUY", "size": 1.75, "slug": "mlb-cin-mil-2026-07-01-spread-home-1pt5", "timestamp": "2026-07-02T00:23:32Z", "token_id": "57668114927480591978383107160570828101135679487559437631013385731858602017640", "transaction_hash": "0x493784bb7d265c6aae152b4c59e4aa0b4a8794226fd0a82ddd66c26915a62779"}, {"condition_id": "0x036b0c654502bb269410e8353735575a9203fc24acb8a321b6945c9d7ef7f25f", "id": "0xc6aa64d203c48167494c19fe46b4b182fcdefa45b63c52e378ab45f4558f9ad6_0x21baef8f7a7e4bddd538c8358ebc41e2cec4ffbe8b899b830b46860536a3374d", "outcome": "Kansas City Royals", "price": 0.21000000790002363, "proxy_wallet": "0xfe787d2da716d60e8acff57fb87eb13cd4d10319", "side": "BUY", "size": 1.265819, "slug": "mlb-tb-kc-2026-07-01", "timestamp": "2026-07-02T00:23:19Z", "token_id": "69114849209690604338250675455738785620180463770409636087851434581080081233616", "transaction_hash": "0xc6aa64d203c48167494c19fe46b4b182fcdefa45b63c52e378ab45f4558f9ad6"}, {"condition_id": "0x036b0c654502bb269410e8353735575a9203fc24acb8a321b6945c9d7ef7f25f", "id": "0xf47024f44b70626d1ddccf95ed3384dcc986df102f6b7210f49da28b258ccb9e_0x21baef8f7a7e4bddd538c8358ebc41e2cec4ffbe8b899b830b46860536a3374d", "outcome": "Kansas City Royals", "price": 0.21, "proxy_wallet": "0xfe787d2da716d60e8acff57fb87eb13cd4d10319", "side": "BUY", "size": 6, "slug": "mlb-tb-kc-2026-07-01", "timestamp": "2026-07-02T00:23:17Z", "token_id": "69114849209690604338250675455738785620180463770409636087851434581080081233616", "transaction_hash": "0xf47024f44b70626d1ddccf95ed3384dcc986df102f6b7210f49da28b258ccb9e"}, {"condition_id": "0x036b0c654502bb269410e8353735575a9203fc24acb8a321b6945c9d7ef7f25f", "id": "0x9902f01bfd0b17628b623f56ee93126ee021fd61c4547e1d1782496de4b1fbf7_0x21baef8f7a7e4bddd538c8358ebc41e2cec4ffbe8b899b830b46860536a3374d", "outcome": "Kansas City Royals", "price": 0.21000007110010024, "proxy_wallet": "0xfe787d2da716d60e8acff57fb87eb13cd4d10319", "side": "BUY", "size": 2.531642, "slug": "mlb-tb-kc-2026-07-01", "timestamp": "2026-07-02T00:23:17Z", "token_id": "69114849209690604338250675455738785620180463770409636087851434581080081233616", "transaction_hash": "0x9902f01bfd0b17628b623f56ee93126ee021fd61c4547e1d1782496de4b1fbf7"}, {"condition_id": "0x036b0c654502bb269410e8353735575a9203fc24acb8a321b6945c9d7ef7f25f", "id": "0x5c0b1c88c7929c7fc5c0759c7707b99fb3049ebd16337fb7080e7cb081ad0b5a_0x21baef8f7a7e4bddd538c8358ebc41e2cec4ffbe8b899b830b46860536a3374d", "outcome": "Kansas City Royals", "price": 0.21000000790002363, "proxy_wallet": "0xfe787d2da716d60e8acff57fb87eb13cd4d10319", "side": "BUY", "size": 1.265819, "slug": "mlb-tb-kc-2026-07-01", "timestamp": "2026-07-02T00:23:17Z", "token_id": "69114849209690604338250675455738785620180463770409636087851434581080081233616", "transaction_hash": "0x5c0b1c88c7929c7fc5c0759c7707b99fb3049ebd16337fb7080e7cb081ad0b5a"}, {"condition_id": "0xffcc16466bec36ad1a0d27106b53eaf338b4013c40fa6fdf446819e14318141d", "id": "0x87c9feee2a41d41db03ef5935c57d0af598ef66df7fd29eb007be411c873e2b0_0xaebfd71b3e789cf777ab8c0b075d67812040b10eefd42ffbdff6df12fdcc2cc5", "outcome": "Cincinnati Reds", "price": 0.22000001872000702, "proxy_wallet": "0xfe787d2da716d60e8acff57fb87eb13cd4d10319", "side": "BUY", "size": 6.410254, "slug": "mlb-cin-mil-2026-07-01", "timestamp": "2026-07-02T00:23:16Z", "token_id": "113358608150512001269864923288418646714914260349596543233339365306930097854218", "transaction_hash": "0x87c9feee2a41d41db03ef5935c57d0af598ef66df7fd29eb007be411c873e2b0"}, {"condition_id": "0x837b796bb05855b5c76229f0e1ad786d8228ec8baed86f9bf8757bc5b4e5bba0", "id": "0x76aeaceafa6dd085ac8ec9929fdc3f274a0a1dc2abf818f110b2801b09014abc_0x6a1dc786d7ad08e283ffff7ac930e737e995052f37a0f866ae323688f5b20816", "outcome": "Over", "price": 0.38, "proxy_wallet": "0xfe787d2da716d60e8acff57fb87eb13cd4d10319", "side": "BUY", "size": 8, "slug": "mlb-tb-kc-2026-07-01-total-10pt5", "timestamp": "2026-07-02T00:22:37Z", "token_id": "32373857981415318928615439883661444566095747745622896115976888873645628733042", "transaction_hash": "0x76aeaceafa6dd085ac8ec9929fdc3f274a0a1dc2abf818f110b2801b09014abc"}, {"condition_id": "0x036b0c654502bb269410e8353735575a9203fc24acb8a321b6945c9d7ef7f25f", "id": "0x4e78c815d5ebd12060797c3adde98e03b8b8d514fb79817cb22a10e147584d74_0x25123caf5aed945e8a3f8acab728f7d3f76e99bfa6e4c383aba38461e7cbad8e", "outcome": "Kansas City Royals", "price": 0.18999999999999997, "proxy_wallet": "0xfe787d2da716d60e8acff57fb87eb13cd4d10319", "side": "BUY", "size": 6, "slug": "mlb-tb-kc-2026-07-01", "timestamp": "2026-07-02T00:22:25Z", "token_id": "69114849209690604338250675455738785620180463770409636087851434581080081233616", "transaction_hash": "0x4e78c815d5ebd12060797c3adde98e03b8b8d514fb79817cb22a10e147584d74"}, {"condition_id": "0x036b0c654502bb269410e8353735575a9203fc24acb8a321b6945c9d7ef7f25f", "id": "0x70abd40a9a838c04778d3f8e362d758c33e31d6a9a84394f1cf1ed7ece89c0d0_0x25123caf5aed945e8a3f8acab728f7d3f76e99bfa6e4c383aba38461e7cbad8e", "outcome": "Kansas City Royals", "price": 0.19000004455008665, "proxy_wallet": "0xfe787d2da716d60e8acff57fb87eb13cd4d10319", "side": "BUY", "size": 2.469131, "slug": "mlb-tb-kc-2026-07-01", "timestamp": "2026-07-02T00:22:25Z", "token_id": "69114849209690604338250675455738785620180463770409636087851434581080081233616", "transaction_hash": "0x70abd40a9a838c04778d3f8e362d758c33e31d6a9a84394f1cf1ed7ece89c0d0"}, {"condition_id": "0xffcc16466bec36ad1a0d27106b53eaf338b4013c40fa6fdf446819e14318141d", "id": "0x1b559c5034edfe94cd5750d8996915fb9cf46859260bab95578b671f07789f52_0x8bc49e0d01f42299f699b46e69ada2aeaf46764abf1ccff139f33ae900fcced7", "outcome": "Cincinnati Reds", "price": 0.23, "proxy_wallet": "0xfe787d2da716d60e8acff57fb87eb13cd4d10319", "side": "BUY", "size": 475, "slug": "mlb-cin-mil-2026-07-01", "timestamp": "2026-07-02T00:22:14Z", "token_id": "113358608150512001269864923288418646714914260349596543233339365306930097854218", "transaction_hash": "0x1b559c5034edfe94cd5750d8996915fb9cf46859260bab95578b671f07789f52"}, {"condition_id": "0x7064b4bf253860b051624b34e4b58db0a05e63b08248c7f337407ea1ddcf58ae", "id": "0x740ee28bcb75ea18012cd2600b2e002c125a579f0c0d017841fddcaa2e5bc445_0x0da58c64486028543579e035fc9ec6151bf93d48016f9b3bee024bfdd6d75d2c", "outcome": "Over", "price": 0.5500000723214428, "proxy_wallet": "0xfe787d2da716d60e8acff57fb87eb13cd4d10319", "side": "BUY", "size": 6.222221, "slug": "mlb-cin-mil-2026-07-01-total-8pt5", "timestamp": "2026-07-02T00:20:40Z", "token_id": "64660158601874874021371603805733130336920359332833679116849517591518391938501", "transaction_hash": "0x740ee28bcb75ea18012cd2600b2e002c125a579f0c0d017841fddcaa2e5bc445"}, {"condition_id": "0xffcc16466bec36ad1a0d27106b53eaf338b4013c40fa6fdf446819e14318141d", "id": "0xcbc68743f0fed2893f56b46d318d5c2278ef868515c2e827706e589bf38e8733_0xa0d7d60490baccd2a21871444b85817bc2e84b08605b74bad74ed38494a2352d", "outcome": "Milwaukee Brewers", "price": 0.6500000700000209, "proxy_wallet": "0xfe787d2da716d60e8acff57fb87eb13cd4d10319", "side": "BUY", "size": 5.714284, "slug": "mlb-cin-mil-2026-07-01", "timestamp": "2026-07-02T00:19:59Z", "token_id": "19711007897046031044579594275312405944771254350980802153302868685653200183646", "transaction_hash": "0xcbc68743f0fed2893f56b46d318d5c2278ef868515c2e827706e589bf38e8733"}, {"condition_id": "0xffcc16466bec36ad1a0d27106b53eaf338b4013c40fa6fdf446819e14318141d", "id": "0x54f150ea690fa05c226e648203bf24f6e221231564f0d45d74bec86ab1e0d10d_0xa0d7d60490baccd2a21871444b85817bc2e84b08605b74bad74ed38494a2352d", "outcome": "Milwaukee Brewers", "price": 0.6500000700000209, "proxy_wallet": "0xfe787d2da716d60e8acff57fb87eb13cd4d10319", "side": "BUY", "size": 5.714284, "slug": "mlb-cin-mil-2026-07-01", "timestamp": "2026-07-02T00:19:47Z", "token_id": "19711007897046031044579594275312405944771254350980802153302868685653200183646", "transaction_hash": "0x54f150ea690fa05c226e648203bf24f6e221231564f0d45d74bec86ab1e0d10d"}, {"condition_id": "0xffcc16466bec36ad1a0d27106b53eaf338b4013c40fa6fdf446819e14318141d", "id": "0x295550aad3865d5f5ab139547a837e1bcc75c6846868f4ee0839557da77191e8_0xa0d7d60490baccd2a21871444b85817bc2e84b08605b74bad74ed38494a2352d", "outcome": "Milwaukee Brewers", "price": 0.6500000700000209, "proxy_wallet": "0xfe787d2da716d60e8acff57fb87eb13cd4d10319", "side": "BUY", "size": 5.714284, "slug": "mlb-cin-mil-2026-07-01", "timestamp": "2026-07-02T00:19:47Z", "token_id": "19711007897046031044579594275312405944771254350980802153302868685653200183646", "transaction_hash": "0x295550aad3865d5f5ab139547a837e1bcc75c6846868f4ee0839557da77191e8"}, {"condition_id": "0xffcc16466bec36ad1a0d27106b53eaf338b4013c40fa6fdf446819e14318141d", "id": "0xceb21e364cfcdad8e8c8e2e0788488ebca68f4c2aec2bd57bef08d33416554cd_0xa0d7d60490baccd2a21871444b85817bc2e84b08605b74bad74ed38494a2352d", "outcome": "Milwaukee Brewers", "price": 0.6500000945946116, "proxy_wallet": "0xfe787d2da716d60e8acff57fb87eb13cd4d10319", "side": "BUY", "size": 6.342856, "slug": "mlb-cin-mil-2026-07-01", "timestamp": "2026-07-02T00:19:46Z", "token_id": "19711007897046031044579594275312405944771254350980802153302868685653200183646", "transaction_hash": "0xceb21e364cfcdad8e8c8e2e0788488ebca68f4c2aec2bd57bef08d33416554cd"}, {"condition_id": "0xffcc16466bec36ad1a0d27106b53eaf338b4013c40fa6fdf446819e14318141d", "id": "0x4b91d3490ffa6d09c2dbc88b2d7ef9fd8f25ecca75616c7a0c8adddd934fc2b0_0xa0d7d60490baccd2a21871444b85817bc2e84b08605b74bad74ed38494a2352d", "outcome": "Milwaukee Brewers", "price": 0.65, "proxy_wallet": "0xfe787d2da716d60e8acff57fb87eb13cd4d10319", "side": "BUY", "size": 5, "slug": "mlb-cin-mil-2026-07-01", "timestamp": "2026-07-02T00:19:38Z", "token_id": "19711007897046031044579594275312405944771254350980802153302868685653200183646", "transaction_hash": "0x4b91d3490ffa6d09c2dbc88b2d7ef9fd8f25ecca75616c7a0c8adddd934fc2b0"}, {"condition_id": "0xffcc16466bec36ad1a0d27106b53eaf338b4013c40fa6fdf446819e14318141d", "id": "0xeada9360ac1eda22ebc07bfc684e9e7c1a8920366cfeb10602ed38b61ddaa933_0x58952ea7834ac5f9f8e184eb7dbe5a5ccdce380be6b4ce2b893eb414e5cd604c", "outcome": "Milwaukee Brewers", "price": 0.6200000532000192, "proxy_wallet": "0xfe787d2da716d60e8acff57fb87eb13cd4d10319", "side": "BUY", "size": 5.263156, "slug": "mlb-cin-mil-2026-07-01", "timestamp": "2026-07-02T00:19:25Z", "token_id": "19711007897046031044579594275312405944771254350980802153302868685653200183646", "transaction_hash": "0xeada9360ac1eda22ebc07bfc684e9e7c1a8920366cfeb10602ed38b61ddaa933"}, {"condition_id": "0xffcc16466bec36ad1a0d27106b53eaf338b4013c40fa6fdf446819e14318141d", "id": "0xa196b78b6b8032043f49d4a46a435b81764c49977e786f6ce03e7a5fc2ea0fe9_0x58952ea7834ac5f9f8e184eb7dbe5a5ccdce380be6b4ce2b893eb414e5cd604c", "outcome": "Milwaukee Brewers", "price": 0.6200010640076609, "proxy_wallet": "0xfe787d2da716d60e8acff57fb87eb13cd4d10319", "side": "BUY", "size": 0.263156, "slug": "mlb-cin-mil-2026-07-01", "timestamp": "2026-07-02T00:19:20Z", "token_id": "19711007897046031044579594275312405944771254350980802153302868685653200183646", "transaction_hash": "0xa196b78b6b8032043f49d4a46a435b81764c49977e786f6ce03e7a5fc2ea0fe9"}, {"condition_id": "0x3e47e9ab777735fd1dae04df35e34536c38cbd4a01f173eb1acee0ce88b80c13", "id": "0xbb9367b5ac2dbf0f64cecc9fe4e94846313d36a8ef2496e0cb19d72cd46e9c9a_0x110ef966884d13a97871dbf18b25f2c7a7b01aa1b60d321f0fc0c3a806dde4be", "outcome": "Houston Astros", "price": 0.39, "proxy_wallet": "0xfe787d2da716d60e8acff57fb87eb13cd4d10319", "side": "BUY", "size": 3247.12, "slug": "mlb-min-hou-2026-07-01", "timestamp": "2026-07-02T00:19:17Z", "token_id": "79631088649261138787540203435937411982125789136915870373394273596147449567397", "transaction_hash": "0xbb9367b5ac2dbf0f64cecc9fe4e94846313d36a8ef2496e0cb19d72cd46e9c9a"}, {"condition_id": "0x04c736342b639e05fc4eb5512a7b46fec794e79c93a6c06b89e866fe70d15003", "id": "0xc57625669e810dde4c11ae0aada8cdc38af4c42eaa34fcacf0137a2265e2cff1_0x7038a16ddfe00ad2a2caf382a5bf08d808cf8a5b229ede933e08e7acff0ff49a", "outcome": "Philadelphia Phillies", "price": 0.9410000536310048, "proxy_wallet": "0xfe787d2da716d60e8acff57fb87eb13cd4d10319", "side": "BUY", "size": 16.949151, "slug": "mlb-pit-phi-2026-07-01", "timestamp": "2026-07-02T00:18:16Z", "token_id": "43437286804327642558294165368901345641980025690619789279608914488234283546155", "transaction_hash": "0xc57625669e810dde4c11ae0aada8cdc38af4c42eaa34fcacf0137a2265e2cff1"}, {"condition_id": "0x84a221a1818f255df6dee1848285e45ec6c1a91a14f827c5bea5d432cdcd4848", "id": "0xd37185112492003a4b21fc7f9a55f6b3ac915037b2067d8fdf875d5c5ca11288_0x8cc1f19a3d566e44d271f15d7340a077432c3d0b4ba54751654eaa05bf890e06", "outcome": "St. Louis Cardinals", "price": 0.31, "proxy_wallet": "0xfe787d2da716d60e8acff57fb87eb13cd4d10319", "side": "BUY", "size": 5, "slug": "mlb-stl-atl-2026-07-01", "timestamp": "2026-07-02T00:17:56Z", "token_id": "36948135013647916707255990505166983147760938050879768328818959272114914421669", "transaction_hash": "0xd37185112492003a4b21fc7f9a55f6b3ac915037b2067d8fdf875d5c5ca11288"}, {"condition_id": "0x84a221a1818f255df6dee1848285e45ec6c1a91a14f827c5bea5d432cdcd4848", "id": "0x20f86ec4d495536dfa01c9726c76ab83886f3bc0d053e9ac49754d3821824bbf_0x8cc1f19a3d566e44d271f15d7340a077432c3d0b4ba54751654eaa05bf890e06", "outcome": "St. Louis Cardinals", "price": 0.31000005750001436, "proxy_wallet": "0xfe787d2da716d60e8acff57fb87eb13cd4d10319", "side": "BUY", "size": 4.347825, "slug": "mlb-stl-atl-2026-07-01", "timestamp": "2026-07-02T00:17:53Z", "token_id": "36948135013647916707255990505166983147760938050879768328818959272114914421669", "transaction_hash": "0x20f86ec4d495536dfa01c9726c76ab83886f3bc0d053e9ac49754d3821824bbf"}, {"condition_id": "0x84a221a1818f255df6dee1848285e45ec6c1a91a14f827c5bea5d432cdcd4848", "id": "0x6541d8809f34ac73127677781e5487fa35b694a139bcd92a7b3f3cb9821a2827_0xe0498dc52d007253b5080584a591044c86d1ebabc457d49cdf17b76df9431233", "outcome": "St. Louis Cardinals", "price": 0.29, "proxy_wallet": "0xfe787d2da716d60e8acff57fb87eb13cd4d10319", "side": "BUY", "size": 5, "slug": "mlb-stl-atl-2026-07-01", "timestamp": "2026-07-02T00:15:32Z", "token_id": "36948135013647916707255990505166983147760938050879768328818959272114914421669", "transaction_hash": "0x6541d8809f34ac73127677781e5487fa35b694a139bcd92a7b3f3cb9821a2827"}, {"condition_id": "0x84a221a1818f255df6dee1848285e45ec6c1a91a14f827c5bea5d432cdcd4848", "id": "0x739721bd7a399153f1102d76edd4cb97e310d653491934b8d8e9ad311846ac41_0xe0498dc52d007253b5080584a591044c86d1ebabc457d49cdf17b76df9431233", "outcome": "St. Louis Cardinals", "price": 0.29, "proxy_wallet": "0xfe787d2da716d60e8acff57fb87eb13cd4d10319", "side": "BUY", "size": 5, "slug": "mlb-stl-atl-2026-07-01", "timestamp": "2026-07-02T00:15:26Z", "token_id": "36948135013647916707255990505166983147760938050879768328818959272114914421669", "transaction_hash": "0x739721bd7a399153f1102d76edd4cb97e310d653491934b8d8e9ad311846ac41"}, {"condition_id": "0x036b0c654502bb269410e8353735575a9203fc24acb8a321b6945c9d7ef7f25f", "id": "0x43602865892ddf0564ff84380677d692d3e546e58bdb12c6ba8b4ade1ded726c_0x4bcd3a91b021059fc6d3a4169a08576784c67e35541bc210309015960471cae0", "outcome": "Tampa Bay Rays", "price": 0.72, "proxy_wallet": "0xfe787d2da716d60e8acff57fb87eb13cd4d10319", "side": "BUY", "size": 1.29, "slug": "mlb-tb-kc-2026-07-01", "timestamp": "2026-07-02T00:15:19Z", "token_id": "40790751814144901788779780161768084552835822185953930666670964684954911865209", "transaction_hash": "0x43602865892ddf0564ff84380677d692d3e546e58bdb12c6ba8b4ade1ded726c"}, {"condition_id": "0x036b0c654502bb269410e8353735575a9203fc24acb8a321b6945c9d7ef7f25f", "id": "0xff304de5cd8e0b881b3db385a673f34f9ff8767503478c02fc0f7740aec219c9_0x4bcd3a91b021059fc6d3a4169a08576784c67e35541bc210309015960471cae0", "outcome": "Tampa Bay Rays", "price": 0.7200000145600007, "proxy_wallet": "0xfe787d2da716d60e8acff57fb87eb13cd4d10319", "side": "BUY", "size": 35.714284, "slug": "mlb-tb-kc-2026-07-01", "timestamp": "2026-07-02T00:13:59Z", "token_id": "40790751814144901788779780161768084552835822185953930666670964684954911865209", "transaction_hash": "0xff304de5cd8e0b881b3db385a673f34f9ff8767503478c02fc0f7740aec219c9"}], "polled_at": "2026-07-02T01:49:23.549022+00:00"}