{"wallet": "0x2005d16a84ceefa912d4e380cd32e7ff827875ea", "total_trades_90d": 200, "mlb_trades_count": 50, "mlb_condition_ids": ["0x04c736342b639e05fc4eb5512a7b46fec794e79c93a6c06b89e866fe70d15003", "0x24ad679f4c302633137f753ac35c4001422762d1b4d2f3145fec78e58c60d768", "0x293aa18bd50ec49cefc2a185332b7ab53765ac0eee8aed6b755d082a06bd5d49", "0x3e47e9ab777735fd1dae04df35e34536c38cbd4a01f173eb1acee0ce88b80c13", "0x4d6da45502cba72162462a4bf8d404f0a25be59e73c8622cb3c9f4e32602f369", "0x503cc08c1fcff5bcca91d07c143e87b3bddd68566445851e93db965e6a1a122d", "0x7064b4bf253860b051624b34e4b58db0a05e63b08248c7f337407ea1ddcf58ae", "0x777a541c11b5bcad29527554face8fae16c9bd81d3db9ecfc15b8aa565f00b22", "0x9393dfde27f17a0ff4feb8e0b2ec374b823be80363257525262154d8b498c50b", "0xcc3f41af4b7ef6c7b399c1666801913d6b129594b261c84c1d1a838f4f76242a", "0xffcc16466bec36ad1a0d27106b53eaf338b4013c40fa6fdf446819e14318141d"], "mlb_trade_details": [{"condition_id": "0x503cc08c1fcff5bcca91d07c143e87b3bddd68566445851e93db965e6a1a122d", "id": "0x41009b0e789db62cdfb63535172815203b3b1ec2a801ac45e1498b1464873c3b_0x5ad65feed62411463f05e126dcfeb7ae1506c9c2126159ffff1ac43d079c8660", "outcome": "Colorado Rockies", "price": 0.26999999999999996, "proxy_wallet": "0x2005d16a84ceefa912d4e380cd32e7ff827875ea", "side": "BUY", "size": 53.27, "slug": "mlb-mia-col-2026-07-01", "timestamp": "2026-07-02T01:49:11Z", "token_id": "77275020519117476392252162482053003018718756533700410205853872084141713559998", "transaction_hash": "0x41009b0e789db62cdfb63535172815203b3b1ec2a801ac45e1498b1464873c3b"}, {"condition_id": "0xffcc16466bec36ad1a0d27106b53eaf338b4013c40fa6fdf446819e14318141d", "id": "0x611ea36d5893ddeb04b9b76ab4579165b245e53261af3c2009132cf4ff57f1dd_0x06107ef058a535af6d8c2b111ce8d387b0b8569a15bf9ab8dbd4b96559ed0e4b", "outcome": "Milwaukee Brewers", "price": 0.37000001463225957, "proxy_wallet": "0x2005d16a84ceefa912d4e380cd32e7ff827875ea", "side": "BUY", "size": 12.301586, "slug": "mlb-cin-mil-2026-07-01", "timestamp": "2026-07-02T01:49:05Z", "token_id": "19711007897046031044579594275312405944771254350980802153302868685653200183646", "transaction_hash": "0x611ea36d5893ddeb04b9b76ab4579165b245e53261af3c2009132cf4ff57f1dd"}, {"condition_id": "0x503cc08c1fcff5bcca91d07c143e87b3bddd68566445851e93db965e6a1a122d", "id": "0xa7a0f4184f3ab55c0c333c51a633f878000820d0c67cf852b1927c0760837de6_0x5ad65feed62411463f05e126dcfeb7ae1506c9c2126159ffff1ac43d079c8660", "outcome": "Colorado Rockies", "price": 0.26999999999999996, "proxy_wallet": "0x2005d16a84ceefa912d4e380cd32e7ff827875ea", "side": "BUY", "size": 13.06, "slug": "mlb-mia-col-2026-07-01", "timestamp": "2026-07-02T01:49:04Z", "token_id": "77275020519117476392252162482053003018718756533700410205853872084141713559998", "transaction_hash": "0xa7a0f4184f3ab55c0c333c51a633f878000820d0c67cf852b1927c0760837de6"}, {"condition_id": "0x503cc08c1fcff5bcca91d07c143e87b3bddd68566445851e93db965e6a1a122d", "id": "0x2af867f9ce9a61a038b6fbf5887b9578527d09f85ab216ca2c8c7f7c0ce95424_0x5ad65feed62411463f05e126dcfeb7ae1506c9c2126159ffff1ac43d079c8660", "outcome": "Colorado Rockies", "price": 0.27, "proxy_wallet": "0x2005d16a84ceefa912d4e380cd32e7ff827875ea", "side": "BUY", "size": 27.13, "slug": "mlb-mia-col-2026-07-01", "timestamp": "2026-07-02T01:49:01Z", "token_id": "77275020519117476392252162482053003018718756533700410205853872084141713559998", "transaction_hash": "0x2af867f9ce9a61a038b6fbf5887b9578527d09f85ab216ca2c8c7f7c0ce95424"}, {"condition_id": "0x503cc08c1fcff5bcca91d07c143e87b3bddd68566445851e93db965e6a1a122d", "id": "0xf25ef6b66e956e748ff5264614d210a8741e0b615ec40afd91011fb7a3df57e2_0x5ad65feed62411463f05e126dcfeb7ae1506c9c2126159ffff1ac43d079c8660", "outcome": "Colorado Rockies", "price": 0.26999999999999996, "proxy_wallet": "0x2005d16a84ceefa912d4e380cd32e7ff827875ea", "side": "BUY", "size": 76.39, "slug": "mlb-mia-col-2026-07-01", "timestamp": "2026-07-02T01:48:53Z", "token_id": "77275020519117476392252162482053003018718756533700410205853872084141713559998", "transaction_hash": "0xf25ef6b66e956e748ff5264614d210a8741e0b615ec40afd91011fb7a3df57e2"}, {"condition_id": "0x503cc08c1fcff5bcca91d07c143e87b3bddd68566445851e93db965e6a1a122d", "id": "0xa7b158556681004b28a121bdf901d6abc3f2dcfc5be04fcf8b4667926db68d4f_0x5ad65feed62411463f05e126dcfeb7ae1506c9c2126159ffff1ac43d079c8660", "outcome": "Colorado Rockies", "price": 0.27, "proxy_wallet": "0x2005d16a84ceefa912d4e380cd32e7ff827875ea", "side": "BUY", "size": 19.09, "slug": "mlb-mia-col-2026-07-01", "timestamp": "2026-07-02T01:48:52Z", "token_id": "77275020519117476392252162482053003018718756533700410205853872084141713559998", "transaction_hash": "0xa7b158556681004b28a121bdf901d6abc3f2dcfc5be04fcf8b4667926db68d4f"}, {"condition_id": "0x04c736342b639e05fc4eb5512a7b46fec794e79c93a6c06b89e866fe70d15003", "id": "0x8fdd5fe70ad5df736de00df967fb189a626b1b8e8553f52cb70eb1aa09023773_0xb648cbc44059d962bc9a90bba397385c35e69581e2a8b94eab7fa05f3e14cce4", "outcome": "Pittsburgh Pirates", "price": 0.071, "proxy_wallet": "0x2005d16a84ceefa912d4e380cd32e7ff827875ea", "side": "BUY", "size": 20, "slug": "mlb-pit-phi-2026-07-01", "timestamp": "2026-07-02T01:48:50Z", "token_id": "11562383647728491295498784192606069157753932455838420463713222976619310305836", "transaction_hash": "0x8fdd5fe70ad5df736de00df967fb189a626b1b8e8553f52cb70eb1aa09023773"}, {"condition_id": "0x503cc08c1fcff5bcca91d07c143e87b3bddd68566445851e93db965e6a1a122d", "id": "0x446deb8fac6ea07c42fa836720836cf0c58f2ddd54179f3673ddb106897f408b_0x5ad65feed62411463f05e126dcfeb7ae1506c9c2126159ffff1ac43d079c8660", "outcome": "Colorado Rockies", "price": 0.26999999999999996, "proxy_wallet": "0x2005d16a84ceefa912d4e380cd32e7ff827875ea", "side": "BUY", "size": 13.06, "slug": "mlb-mia-col-2026-07-01", "timestamp": "2026-07-02T01:48:50Z", "token_id": "77275020519117476392252162482053003018718756533700410205853872084141713559998", "transaction_hash": "0x446deb8fac6ea07c42fa836720836cf0c58f2ddd54179f3673ddb106897f408b"}, {"condition_id": "0x503cc08c1fcff5bcca91d07c143e87b3bddd68566445851e93db965e6a1a122d", "id": "0x57b3c0f870be2c6347ba9980aee63b1bd3834551a20635f34d32b9199a170953_0x5ad65feed62411463f05e126dcfeb7ae1506c9c2126159ffff1ac43d079c8660", "outcome": "Colorado Rockies", "price": 0.27, "proxy_wallet": "0x2005d16a84ceefa912d4e380cd32e7ff827875ea", "side": "BUY", "size": 23.11, "slug": "mlb-mia-col-2026-07-01", "timestamp": "2026-07-02T01:48:49Z", "token_id": "77275020519117476392252162482053003018718756533700410205853872084141713559998", "transaction_hash": "0x57b3c0f870be2c6347ba9980aee63b1bd3834551a20635f34d32b9199a170953"}, {"condition_id": "0x503cc08c1fcff5bcca91d07c143e87b3bddd68566445851e93db965e6a1a122d", "id": "0xafa5b99f8294abcb028395d7166350692246713e4138f41b2fbda18ca618b801_0x5ad65feed62411463f05e126dcfeb7ae1506c9c2126159ffff1ac43d079c8660", "outcome": "Colorado Rockies", "price": 0.2700000043712592, "proxy_wallet": "0x2005d16a84ceefa912d4e380cd32e7ff827875ea", "side": "BUY", "size": 6.863011, "slug": "mlb-mia-col-2026-07-01", "timestamp": "2026-07-02T01:48:47Z", "token_id": "77275020519117476392252162482053003018718756533700410205853872084141713559998", "transaction_hash": "0xafa5b99f8294abcb028395d7166350692246713e4138f41b2fbda18ca618b801"}, {"condition_id": "0x503cc08c1fcff5bcca91d07c143e87b3bddd68566445851e93db965e6a1a122d", "id": "0x37a1a7beff6707dd14a3dd5a116c645167561b7e788f3f3be1e662cca2bb6bb7_0x5ad65feed62411463f05e126dcfeb7ae1506c9c2126159ffff1ac43d079c8660", "outcome": "Colorado Rockies", "price": 0.26999999999999996, "proxy_wallet": "0x2005d16a84ceefa912d4e380cd32e7ff827875ea", "side": "BUY", "size": 20.1, "slug": "mlb-mia-col-2026-07-01", "timestamp": "2026-07-02T01:48:41Z", "token_id": "77275020519117476392252162482053003018718756533700410205853872084141713559998", "transaction_hash": "0x37a1a7beff6707dd14a3dd5a116c645167561b7e788f3f3be1e662cca2bb6bb7"}, {"condition_id": "0x503cc08c1fcff5bcca91d07c143e87b3bddd68566445851e93db965e6a1a122d", "id": "0x4496a615844d2e4989a88521d69e484ed35816bafbd246c511c5aec0a76caa05_0x5ad65feed62411463f05e126dcfeb7ae1506c9c2126159ffff1ac43d079c8660", "outcome": "Colorado Rockies", "price": 0.27, "proxy_wallet": "0x2005d16a84ceefa912d4e380cd32e7ff827875ea", "side": "BUY", "size": 184.95, "slug": "mlb-mia-col-2026-07-01", "timestamp": "2026-07-02T01:48:38Z", "token_id": "77275020519117476392252162482053003018718756533700410205853872084141713559998", "transaction_hash": "0x4496a615844d2e4989a88521d69e484ed35816bafbd246c511c5aec0a76caa05"}, {"condition_id": "0x7064b4bf253860b051624b34e4b58db0a05e63b08248c7f337407ea1ddcf58ae", "id": "0x03f41e996b36062784cf37941ce90a85f852e09e18beb85574d277ff06a63083_0x91e3c4ff47bc455b4591b91f219d64946f53454ac7cd48c558525eb40f6cf9e1", "outcome": "Under", "price": 0.4, "proxy_wallet": "0x2005d16a84ceefa912d4e380cd32e7ff827875ea", "side": "BUY", "size": 670, "slug": "mlb-cin-mil-2026-07-01-total-8pt5", "timestamp": "2026-07-02T01:48:22Z", "token_id": "14034056293003290822412670691955354195438862464347353479978248378415628909497", "transaction_hash": "0x03f41e996b36062784cf37941ce90a85f852e09e18beb85574d277ff06a63083"}, {"condition_id": "0x9393dfde27f17a0ff4feb8e0b2ec374b823be80363257525262154d8b498c50b", "id": "0x8c36c82c3a67e3cba3bdaeee44802ac21593d166983ecd4440789bf9ac29e8e6_0xcad6561176bdba6fc13b7b491034b21c43546db1116f36d034b1762c16590e8a", "outcome": "Cincinnati Reds", "price": 0.76, "proxy_wallet": "0x2005d16a84ceefa912d4e380cd32e7ff827875ea", "side": "BUY", "size": 5, "slug": "mlb-cin-mil-2026-07-01-spread-home-1pt5", "timestamp": "2026-07-02T01:47:58Z", "token_id": "57668114927480591978383107160570828101135679487559437631013385731858602017640", "transaction_hash": "0x8c36c82c3a67e3cba3bdaeee44802ac21593d166983ecd4440789bf9ac29e8e6"}, {"condition_id": "0xffcc16466bec36ad1a0d27106b53eaf338b4013c40fa6fdf446819e14318141d", "id": "0x00ffa988f29f5bcffbbf78478e27f4d0191dd466d835c3a352adb87e7d73295e_0x3797cdce8f175f126ad598175d594880a5b3582993ce09279fd2cf6c21c1928b", "outcome": "Milwaukee Brewers", "price": 0.52, "proxy_wallet": "0x2005d16a84ceefa912d4e380cd32e7ff827875ea", "side": "BUY", "size": 214, "slug": "mlb-cin-mil-2026-07-01", "timestamp": "2026-07-02T01:47:50Z", "token_id": "19711007897046031044579594275312405944771254350980802153302868685653200183646", "transaction_hash": "0x00ffa988f29f5bcffbbf78478e27f4d0191dd466d835c3a352adb87e7d73295e"}, {"condition_id": "0xffcc16466bec36ad1a0d27106b53eaf338b4013c40fa6fdf446819e14318141d", "id": "0x703d58c98a99dad3f4b9d45ead3b4f84c9e2d81fed3d7328b16029b446b524d3_0x3797cdce8f175f126ad598175d594880a5b3582993ce09279fd2cf6c21c1928b", "outcome": "Milwaukee Brewers", "price": 0.52, "proxy_wallet": "0x2005d16a84ceefa912d4e380cd32e7ff827875ea", "side": "BUY", "size": 2.23, "slug": "mlb-cin-mil-2026-07-01", "timestamp": "2026-07-02T01:47:49Z", "token_id": "19711007897046031044579594275312405944771254350980802153302868685653200183646", "transaction_hash": "0x703d58c98a99dad3f4b9d45ead3b4f84c9e2d81fed3d7328b16029b446b524d3"}, {"condition_id": "0xffcc16466bec36ad1a0d27106b53eaf338b4013c40fa6fdf446819e14318141d", "id": "0x1ef594a3e727ffbe8244525141788101a14c0bdc8b308a6e64e18d7070775777_0x3797cdce8f175f126ad598175d594880a5b3582993ce09279fd2cf6c21c1928b", "outcome": "Milwaukee Brewers", "price": 0.52, "proxy_wallet": "0x2005d16a84ceefa912d4e380cd32e7ff827875ea", "side": "BUY", "size": 2.22, "slug": "mlb-cin-mil-2026-07-01", "timestamp": "2026-07-02T01:47:49Z", "token_id": "19711007897046031044579594275312405944771254350980802153302868685653200183646", "transaction_hash": "0x1ef594a3e727ffbe8244525141788101a14c0bdc8b308a6e64e18d7070775777"}, {"condition_id": "0xffcc16466bec36ad1a0d27106b53eaf338b4013c40fa6fdf446819e14318141d", "id": "0xd2776f7ba1f7f0bf7f92ccef59eaa0c7e9c3876e0ba7067ba876e8c607a574ac_0x3797cdce8f175f126ad598175d594880a5b3582993ce09279fd2cf6c21c1928b", "outcome": "Milwaukee Brewers", "price": 0.52, "proxy_wallet": "0x2005d16a84ceefa912d4e380cd32e7ff827875ea", "side": "BUY", "size": 6.25, "slug": "mlb-cin-mil-2026-07-01", "timestamp": "2026-07-02T01:47:40Z", "token_id": "19711007897046031044579594275312405944771254350980802153302868685653200183646", "transaction_hash": "0xd2776f7ba1f7f0bf7f92ccef59eaa0c7e9c3876e0ba7067ba876e8c607a574ac"}, {"condition_id": "0xffcc16466bec36ad1a0d27106b53eaf338b4013c40fa6fdf446819e14318141d", "id": "0x177e96d8abec5fcdcf19bab927aee583b09119fe15aff8e7e87afc1e9b2876db_0x3797cdce8f175f126ad598175d594880a5b3582993ce09279fd2cf6c21c1928b", "outcome": "Milwaukee Brewers", "price": 0.52, "proxy_wallet": "0x2005d16a84ceefa912d4e380cd32e7ff827875ea", "side": "BUY", "size": 214, "slug": "mlb-cin-mil-2026-07-01", "timestamp": "2026-07-02T01:47:23Z", "token_id": "19711007897046031044579594275312405944771254350980802153302868685653200183646", "transaction_hash": "0x177e96d8abec5fcdcf19bab927aee583b09119fe15aff8e7e87afc1e9b2876db"}, {"condition_id": "0x9393dfde27f17a0ff4feb8e0b2ec374b823be80363257525262154d8b498c50b", "id": "0x7ebb80830ee59ac9065da636b000470d0f5aaeb1db5b812c3d9a353a67d223d7_0x33fc181f0c0b6f05970526a6f9f09e89e72bedd0e39a5be765580b67eb87d2c0", "outcome": "Cincinnati Reds", "price": 0.7400000034935401, "proxy_wallet": "0x2005d16a84ceefa912d4e380cd32e7ff827875ea", "side": "BUY", "size": 148.846152, "slug": "mlb-cin-mil-2026-07-01-spread-home-1pt5", "timestamp": "2026-07-02T01:47:19Z", "token_id": "57668114927480591978383107160570828101135679487559437631013385731858602017640", "transaction_hash": "0x7ebb80830ee59ac9065da636b000470d0f5aaeb1db5b812c3d9a353a67d223d7"}, {"condition_id": "0xffcc16466bec36ad1a0d27106b53eaf338b4013c40fa6fdf446819e14318141d", "id": "0x1af6fb48e167a6b6dfe63778a95f9237dd8705d70fbbed6e0267874f42dc9aa8_0x3797cdce8f175f126ad598175d594880a5b3582993ce09279fd2cf6c21c1928b", "outcome": "Milwaukee Brewers", "price": 0.52, "proxy_wallet": "0x2005d16a84ceefa912d4e380cd32e7ff827875ea", "side": "BUY", "size": 64, "slug": "mlb-cin-mil-2026-07-01", "timestamp": "2026-07-02T01:47:19Z", "token_id": "19711007897046031044579594275312405944771254350980802153302868685653200183646", "transaction_hash": "0x1af6fb48e167a6b6dfe63778a95f9237dd8705d70fbbed6e0267874f42dc9aa8"}, {"condition_id": "0x777a541c11b5bcad29527554face8fae16c9bd81d3db9ecfc15b8aa565f00b22", "id": "0xd83a7e6925e9c58510a049017d025ab684754ad9a7ee65d6cbd381243c710921_0x66d3bc93a7e00390a830c88af35cd1f1f1581aab2f0572789b90c1f9ef50b925", "outcome": "Philadelphia Phillies", "price": 0.78, "proxy_wallet": "0x2005d16a84ceefa912d4e380cd32e7ff827875ea", "side": "BUY", "size": 5, "slug": "mlb-pit-phi-2026-07-01-spread-home-1pt5", "timestamp": "2026-07-02T01:46:56Z", "token_id": "103804099901451298041095974570831419185190085463164693328780768096544447450321", "transaction_hash": "0xd83a7e6925e9c58510a049017d025ab684754ad9a7ee65d6cbd381243c710921"}, {"condition_id": "0x293aa18bd50ec49cefc2a185332b7ab53765ac0eee8aed6b755d082a06bd5d49", "id": "0xf2e7dc43067f267ad503946989014f39532789320eb7b23c3d0a3a2ca46eeb2a_0x7e775928789168ec78bd952089777f3a3882592a149cea4c784fa661bce98087", "outcome": "Arizona Diamondbacks", "price": 0.5900000000000001, "proxy_wallet": "0x2005d16a84ceefa912d4e380cd32e7ff827875ea", "side": "BUY", "size": 182.76, "slug": "mlb-sf-ari-2026-07-01", "timestamp": "2026-07-02T01:46:52Z", "token_id": "1764912591675393443095347989967658067337153959776490141908931674394171045089", "transaction_hash": "0xf2e7dc43067f267ad503946989014f39532789320eb7b23c3d0a3a2ca46eeb2a"}, {"condition_id": "0xcc3f41af4b7ef6c7b399c1666801913d6b129594b261c84c1d1a838f4f76242a", "id": "0xbd08057d24d22470ab8767f3f731be537e2c1e859ce57f6571a20f299ab9c56f_0x3f2658bd8f2bb4cad77d1f82605198e96e41737d02a6fc975016465a9cf66f60", "outcome": "Los Angeles Dodgers", "price": 0.63, "proxy_wallet": "0x2005d16a84ceefa912d4e380cd32e7ff827875ea", "side": "BUY", "size": 1907, "slug": "mlb-lad-oak-2026-07-01", "timestamp": "2026-07-02T01:46:49Z", "token_id": "34364758787567076832781692301433474029633009466854379285319411364305881038672", "transaction_hash": "0xbd08057d24d22470ab8767f3f731be537e2c1e859ce57f6571a20f299ab9c56f"}, {"condition_id": "0xffcc16466bec36ad1a0d27106b53eaf338b4013c40fa6fdf446819e14318141d", "id": "0x19475692658370f71b606498f6705256864565a6964fffeb53f528d95e3a6a26_0x23014c37772f617bd81c4d1920b6c61cdf2a67a5461ad634804bd5de607fb1bc", "outcome": "Milwaukee Brewers", "price": 0.5399999999999999, "proxy_wallet": "0x2005d16a84ceefa912d4e380cd32e7ff827875ea", "side": "BUY", "size": 30, "slug": "mlb-cin-mil-2026-07-01", "timestamp": "2026-07-02T01:46:20Z", "token_id": "19711007897046031044579594275312405944771254350980802153302868685653200183646", "transaction_hash": "0x19475692658370f71b606498f6705256864565a6964fffeb53f528d95e3a6a26"}, {"condition_id": "0xffcc16466bec36ad1a0d27106b53eaf338b4013c40fa6fdf446819e14318141d", "id": "0x83cb5eba765f9e060544dd41bbf5e474df8e2d055c2e64813ed7fca48f1d0e7a_0x23014c37772f617bd81c4d1920b6c61cdf2a67a5461ad634804bd5de607fb1bc", "outcome": "Milwaukee Brewers", "price": 0.54, "proxy_wallet": "0x2005d16a84ceefa912d4e380cd32e7ff827875ea", "side": "BUY", "size": 10, "slug": "mlb-cin-mil-2026-07-01", "timestamp": "2026-07-02T01:46:17Z", "token_id": "19711007897046031044579594275312405944771254350980802153302868685653200183646", "transaction_hash": "0x83cb5eba765f9e060544dd41bbf5e474df8e2d055c2e64813ed7fca48f1d0e7a"}, {"condition_id": "0x24ad679f4c302633137f753ac35c4001422762d1b4d2f3145fec78e58c60d768", "id": "0xc5f656ae3509cd62757f482a366c5df74124ac03884da3245ad0bb7b2b02b9ed_0x1661d941d02cb6d9117ddf8a4d53b5146da006b0da41fbef6877f3b0f0b1b8a6", "outcome": "Over", "price": 0.4300000062295088, "proxy_wallet": "0x2005d16a84ceefa912d4e380cd32e7ff827875ea", "side": "BUY", "size": 16.05263, "slug": "mlb-sf-ari-2026-07-01-total-9pt5", "timestamp": "2026-07-02T01:46:07Z", "token_id": "101061157067340412123621025027866335682440909370767121886541058161721744238395", "transaction_hash": "0xc5f656ae3509cd62757f482a366c5df74124ac03884da3245ad0bb7b2b02b9ed"}, {"condition_id": "0xcc3f41af4b7ef6c7b399c1666801913d6b129594b261c84c1d1a838f4f76242a", "id": "0xcbbe97e7e2b7d3f394d81063aa0ae8d60edabab8069c54d59f6f3678ef3a0f78_0x37f378bc232f8578758558e20f98a79957a01618ee3e7b0cf2930c8a86e67639", "outcome": "Los Angeles Dodgers", "price": 0.61, "proxy_wallet": "0x2005d16a84ceefa912d4e380cd32e7ff827875ea", "side": "BUY", "size": 711.75, "slug": "mlb-lad-oak-2026-07-01", "timestamp": "2026-07-02T01:44:11Z", "token_id": "34364758787567076832781692301433474029633009466854379285319411364305881038672", "transaction_hash": "0xcbbe97e7e2b7d3f394d81063aa0ae8d60edabab8069c54d59f6f3678ef3a0f78"}, {"condition_id": "0x503cc08c1fcff5bcca91d07c143e87b3bddd68566445851e93db965e6a1a122d", "id": "0xf178f38639bda4c3b14e28e65cd13fb83d9aab723155faa082b691a14eee4377_0xea85a32b729d27ff0d52b68b6db329c647b662830ed8b2de4632440c040e6c4d", "outcome": "Miami Marlins", "price": 0.67, "proxy_wallet": "0x2005d16a84ceefa912d4e380cd32e7ff827875ea", "side": "BUY", "size": 61.22, "slug": "mlb-mia-col-2026-07-01", "timestamp": "2026-07-02T01:44:01Z", "token_id": "70456539982031185821545367467561496403366411785803404614583891714944753086599", "transaction_hash": "0xf178f38639bda4c3b14e28e65cd13fb83d9aab723155faa082b691a14eee4377"}, {"condition_id": "0x503cc08c1fcff5bcca91d07c143e87b3bddd68566445851e93db965e6a1a122d", "id": "0xb17053705e76af1d1da9d18229effec0e8043422592b144ae10561fe11000e73_0x41b03e05c97ae1e18ea0830fe630da98021481650625a29b98f9d1511ded76dc", "outcome": "Miami Marlins", "price": 0.6599999999999999, "proxy_wallet": "0x2005d16a84ceefa912d4e380cd32e7ff827875ea", "side": "BUY", "size": 160, "slug": "mlb-mia-col-2026-07-01", "timestamp": "2026-07-02T01:43:49Z", "token_id": "70456539982031185821545367467561496403366411785803404614583891714944753086599", "transaction_hash": "0xb17053705e76af1d1da9d18229effec0e8043422592b144ae10561fe11000e73"}, {"condition_id": "0x4d6da45502cba72162462a4bf8d404f0a25be59e73c8622cb3c9f4e32602f369", "id": "0xfa8f4377beb52c0f5abfd011fd9b914d84fe6cbba6dd1e6e35818f0d4c2daaa8_0x6955a622fc5ef39b745e59004fda1f4db0e00f08ee3303e125dcce5819e2c469", "outcome": "Los Angeles Dodgers", "price": 0.48999999999999994, "proxy_wallet": "0x2005d16a84ceefa912d4e380cd32e7ff827875ea", "side": "BUY", "size": 19.69, "slug": "mlb-lad-oak-2026-07-01-spread-away-1pt5", "timestamp": "2026-07-02T01:43:32Z", "token_id": "30556764171051543042115913181938202749146971828389973567651421561517110206965", "transaction_hash": "0xfa8f4377beb52c0f5abfd011fd9b914d84fe6cbba6dd1e6e35818f0d4c2daaa8"}, {"condition_id": "0x04c736342b639e05fc4eb5512a7b46fec794e79c93a6c06b89e866fe70d15003", "id": "0x5a82e9f4fac2604725b0195371242adc55840d79ad47a0d94ebbfe2ac1e71dfb_0x2c3587535e72c5f967e2a509c5dbb307ec79688ed05b191291be024c8b61fea8", "outcome": "Pittsburgh Pirates", "price": 0.061, "proxy_wallet": "0x2005d16a84ceefa912d4e380cd32e7ff827875ea", "side": "BUY", "size": 2008, "slug": "mlb-pit-phi-2026-07-01", "timestamp": "2026-07-02T01:43:32Z", "token_id": "11562383647728491295498784192606069157753932455838420463713222976619310305836", "transaction_hash": "0x5a82e9f4fac2604725b0195371242adc55840d79ad47a0d94ebbfe2ac1e71dfb"}, {"condition_id": "0x3e47e9ab777735fd1dae04df35e34536c38cbd4a01f173eb1acee0ce88b80c13", "id": "0xa8ebd575cd00dc605ec47e4e9a9f5be1a0250309c094dd14a887f20a50873c00_0xd5300ca4784fca03503ed3feeb7db93228890827229886cf86322635073b7426", "outcome": "Houston Astros", "price": 0.14, "proxy_wallet": "0x2005d16a84ceefa912d4e380cd32e7ff827875ea", "side": "BUY", "size": 30, "slug": "mlb-min-hou-2026-07-01", "timestamp": "2026-07-02T01:43:07Z", "token_id": "79631088649261138787540203435937411982125789136915870373394273596147449567397", "transaction_hash": "0xa8ebd575cd00dc605ec47e4e9a9f5be1a0250309c094dd14a887f20a50873c00"}, {"condition_id": "0x4d6da45502cba72162462a4bf8d404f0a25be59e73c8622cb3c9f4e32602f369", "id": "0x108a0ff33edc3543ce29a4f1e2c4ee32e8a7fbf67d66bfbcd745026b818fd3db_0x976b2e5ec63362f50101142e4b37caf7509259254c2de93ae706ff6f66897587", "outcome": "Los Angeles Dodgers", "price": 0.48000000050731706, "proxy_wallet": "0x2005d16a84ceefa912d4e380cd32e7ff827875ea", "side": "BUY", "size": 78.846152, "slug": "mlb-lad-oak-2026-07-01-spread-away-1pt5", "timestamp": "2026-07-02T01:42:56Z", "token_id": "30556764171051543042115913181938202749146971828389973567651421561517110206965", "transaction_hash": "0x108a0ff33edc3543ce29a4f1e2c4ee32e8a7fbf67d66bfbcd745026b818fd3db"}, {"condition_id": "0x4d6da45502cba72162462a4bf8d404f0a25be59e73c8622cb3c9f4e32602f369", "id": "0x0ba8acb1d45902e10a36d74f7773f50d2ffcbc608dee5242609a17e8f0c2ac0e_0x976b2e5ec63362f50101142e4b37caf7509259254c2de93ae706ff6f66897587", "outcome": "Los Angeles Dodgers", "price": 0.48, "proxy_wallet": "0x2005d16a84ceefa912d4e380cd32e7ff827875ea", "side": "BUY", "size": 1.923075, "slug": "mlb-lad-oak-2026-07-01-spread-away-1pt5", "timestamp": "2026-07-02T01:42:55Z", "token_id": "30556764171051543042115913181938202749146971828389973567651421561517110206965", "transaction_hash": "0x0ba8acb1d45902e10a36d74f7773f50d2ffcbc608dee5242609a17e8f0c2ac0e"}, {"condition_id": "0x4d6da45502cba72162462a4bf8d404f0a25be59e73c8622cb3c9f4e32602f369", "id": "0x950841f6a5e4882d1c314181b5e7b01e7b956235671de04633078218422d894a_0x976b2e5ec63362f50101142e4b37caf7509259254c2de93ae706ff6f66897587", "outcome": "Los Angeles Dodgers", "price": 0.4800000013866667, "proxy_wallet": "0x2005d16a84ceefa912d4e380cd32e7ff827875ea", "side": "BUY", "size": 28.846152, "slug": "mlb-lad-oak-2026-07-01-spread-away-1pt5", "timestamp": "2026-07-02T01:42:55Z", "token_id": "30556764171051543042115913181938202749146971828389973567651421561517110206965", "transaction_hash": "0x950841f6a5e4882d1c314181b5e7b01e7b956235671de04633078218422d894a"}, {"condition_id": "0xcc3f41af4b7ef6c7b399c1666801913d6b129594b261c84c1d1a838f4f76242a", "id": "0x905d201db4b5f1c9963fbe37092693cc42208dfa21877f7f8450f3377ba3d5ff_0x4e9b53cabe2b93b3aa49cae42a382ea09484ab19296f231984b626298c289ac8", "outcome": "Los Angeles Dodgers", "price": 0.58, "proxy_wallet": "0x2005d16a84ceefa912d4e380cd32e7ff827875ea", "side": "BUY", "size": 42, "slug": "mlb-lad-oak-2026-07-01", "timestamp": "2026-07-02T01:42:52Z", "token_id": "34364758787567076832781692301433474029633009466854379285319411364305881038672", "transaction_hash": "0x905d201db4b5f1c9963fbe37092693cc42208dfa21877f7f8450f3377ba3d5ff"}, {"condition_id": "0xcc3f41af4b7ef6c7b399c1666801913d6b129594b261c84c1d1a838f4f76242a", "id": "0xf0469d89f9ec76f64e8e1a26e1c5990390557afdcd9eee0dd255c0082afeab1e_0x4e9b53cabe2b93b3aa49cae42a382ea09484ab19296f231984b626298c289ac8", "outcome": "Los Angeles Dodgers", "price": 0.5800000030820976, "proxy_wallet": "0x2005d16a84ceefa912d4e380cd32e7ff827875ea", "side": "BUY", "size": 155.738094, "slug": "mlb-lad-oak-2026-07-01", "timestamp": "2026-07-02T01:42:46Z", "token_id": "34364758787567076832781692301433474029633009466854379285319411364305881038672", "transaction_hash": "0xf0469d89f9ec76f64e8e1a26e1c5990390557afdcd9eee0dd255c0082afeab1e"}, {"condition_id": "0xcc3f41af4b7ef6c7b399c1666801913d6b129594b261c84c1d1a838f4f76242a", "id": "0xd67a967996bc68d2a4d6209ddb8b997df617691d94d1fd0179319d0520fd593d_0x4e9b53cabe2b93b3aa49cae42a382ea09484ab19296f231984b626298c289ac8", "outcome": "Los Angeles Dodgers", "price": 0.58, "proxy_wallet": "0x2005d16a84ceefa912d4e380cd32e7ff827875ea", "side": "BUY", "size": 2.42, "slug": "mlb-lad-oak-2026-07-01", "timestamp": "2026-07-02T01:42:40Z", "token_id": "34364758787567076832781692301433474029633009466854379285319411364305881038672", "transaction_hash": "0xd67a967996bc68d2a4d6209ddb8b997df617691d94d1fd0179319d0520fd593d"}, {"condition_id": "0xcc3f41af4b7ef6c7b399c1666801913d6b129594b261c84c1d1a838f4f76242a", "id": "0xacf5a21f652e5b175ae897245ada17ee3801809e1499d10789ea27a25203e6ba_0x4e9b53cabe2b93b3aa49cae42a382ea09484ab19296f231984b626298c289ac8", "outcome": "Los Angeles Dodgers", "price": 0.58, "proxy_wallet": "0x2005d16a84ceefa912d4e380cd32e7ff827875ea", "side": "BUY", "size": 21, "slug": "mlb-lad-oak-2026-07-01", "timestamp": "2026-07-02T01:42:34Z", "token_id": "34364758787567076832781692301433474029633009466854379285319411364305881038672", "transaction_hash": "0xacf5a21f652e5b175ae897245ada17ee3801809e1499d10789ea27a25203e6ba"}, {"condition_id": "0xcc3f41af4b7ef6c7b399c1666801913d6b129594b261c84c1d1a838f4f76242a", "id": "0x0350b15ec204f260725e73d714f8f177d775aac6afdc605afdd14c85d4878b29_0x4e9b53cabe2b93b3aa49cae42a382ea09484ab19296f231984b626298c289ac8", "outcome": "Los Angeles Dodgers", "price": 0.5800000546000201, "proxy_wallet": "0x2005d16a84ceefa912d4e380cd32e7ff827875ea", "side": "BUY", "size": 4.761903, "slug": "mlb-lad-oak-2026-07-01", "timestamp": "2026-07-02T01:42:32Z", "token_id": "34364758787567076832781692301433474029633009466854379285319411364305881038672", "transaction_hash": "0x0350b15ec204f260725e73d714f8f177d775aac6afdc605afdd14c85d4878b29"}, {"condition_id": "0xcc3f41af4b7ef6c7b399c1666801913d6b129594b261c84c1d1a838f4f76242a", "id": "0xdfc96d46c04fa3d77eb45d7edb4d2c6e273ae583e8b33a3c0c5f3c0046def72d_0x4e9b53cabe2b93b3aa49cae42a382ea09484ab19296f231984b626298c289ac8", "outcome": "Los Angeles Dodgers", "price": 0.58, "proxy_wallet": "0x2005d16a84ceefa912d4e380cd32e7ff827875ea", "side": "BUY", "size": 190, "slug": "mlb-lad-oak-2026-07-01", "timestamp": "2026-07-02T01:42:32Z", "token_id": "34364758787567076832781692301433474029633009466854379285319411364305881038672", "transaction_hash": "0xdfc96d46c04fa3d77eb45d7edb4d2c6e273ae583e8b33a3c0c5f3c0046def72d"}, {"condition_id": "0xcc3f41af4b7ef6c7b399c1666801913d6b129594b261c84c1d1a838f4f76242a", "id": "0x23e354ded031f5798043e99dea419f4918523804ffc33454b1c81bc18bbdc9c8_0x4e9b53cabe2b93b3aa49cae42a382ea09484ab19296f231984b626298c289ac8", "outcome": "Los Angeles Dodgers", "price": 0.58, "proxy_wallet": "0x2005d16a84ceefa912d4e380cd32e7ff827875ea", "side": "BUY", "size": 359.79, "slug": "mlb-lad-oak-2026-07-01", "timestamp": "2026-07-02T01:42:32Z", "token_id": "34364758787567076832781692301433474029633009466854379285319411364305881038672", "transaction_hash": "0x23e354ded031f5798043e99dea419f4918523804ffc33454b1c81bc18bbdc9c8"}, {"condition_id": "0x503cc08c1fcff5bcca91d07c143e87b3bddd68566445851e93db965e6a1a122d", "id": "0xdf5e3538b46f70c206cdd15c3d5fd6546f1b54a5c6bd95ad9bdc27e78fa559b5_0x9d590bd8c3970324254e901c799de790cc3754648b13273f9f45cdd215d7fc33", "outcome": "Miami Marlins", "price": 0.65, "proxy_wallet": "0x2005d16a84ceefa912d4e380cd32e7ff827875ea", "side": "BUY", "size": 19, "slug": "mlb-mia-col-2026-07-01", "timestamp": "2026-07-02T01:42:22Z", "token_id": "70456539982031185821545367467561496403366411785803404614583891714944753086599", "transaction_hash": "0xdf5e3538b46f70c206cdd15c3d5fd6546f1b54a5c6bd95ad9bdc27e78fa559b5"}, {"condition_id": "0x04c736342b639e05fc4eb5512a7b46fec794e79c93a6c06b89e866fe70d15003", "id": "0xd20d3e2cb87cf92648562cd6304eeae2604ba75256b2634891a87cfe9dd88ccb_0x321474ecba872bc200c037ac483ff6b5c7edffe9ca1ef9ed1a8c4cf19105a265", "outcome": "Pittsburgh Pirates", "price": 0.07100000000000001, "proxy_wallet": "0x2005d16a84ceefa912d4e380cd32e7ff827875ea", "side": "BUY", "size": 2008, "slug": "mlb-pit-phi-2026-07-01", "timestamp": "2026-07-02T01:42:11Z", "token_id": "11562383647728491295498784192606069157753932455838420463713222976619310305836", "transaction_hash": "0xd20d3e2cb87cf92648562cd6304eeae2604ba75256b2634891a87cfe9dd88ccb"}, {"condition_id": "0xcc3f41af4b7ef6c7b399c1666801913d6b129594b261c84c1d1a838f4f76242a", "id": "0x20a252d20c55e0f5898171ccec954854dd9ab0045ffa105dd40b0c866556c1a9_0x5020403f23985b3477a722ce3196756e6b528199e5429d17b14fc347f7a48da9", "outcome": "Los Angeles Dodgers", "price": 0.6, "proxy_wallet": "0x2005d16a84ceefa912d4e380cd32e7ff827875ea", "side": "BUY", "size": 1660, "slug": "mlb-lad-oak-2026-07-01", "timestamp": "2026-07-02T01:42:05Z", "token_id": "34364758787567076832781692301433474029633009466854379285319411364305881038672", "transaction_hash": "0x20a252d20c55e0f5898171ccec954854dd9ab0045ffa105dd40b0c866556c1a9"}, {"condition_id": "0x4d6da45502cba72162462a4bf8d404f0a25be59e73c8622cb3c9f4e32602f369", "id": "0xc1b093eb99c54d58eca1851906e3397a8b8ac2558ab99133ec773d61cc03c348_0x41376d0e387c4e6311b360d35065c7ca5fb1941dd5aa89336f2435d70de0db9a", "outcome": "Los Angeles Dodgers", "price": 0.48, "proxy_wallet": "0x2005d16a84ceefa912d4e380cd32e7ff827875ea", "side": "BUY", "size": 5, "slug": "mlb-lad-oak-2026-07-01-spread-away-1pt5", "timestamp": "2026-07-02T01:42:01Z", "token_id": "30556764171051543042115913181938202749146971828389973567651421561517110206965", "transaction_hash": "0xc1b093eb99c54d58eca1851906e3397a8b8ac2558ab99133ec773d61cc03c348"}, {"condition_id": "0x293aa18bd50ec49cefc2a185332b7ab53765ac0eee8aed6b755d082a06bd5d49", "id": "0x6b41fa44222ab453af9179e1ca2bdea90b9ae41b43c2c24b914d2cc07ed78c8b_0x2252c2c48b38652e7112482ae1f17091212889641559d1956a07044177c624cc", "outcome": "San Francisco Giants", "price": 0.45999999999999996, "proxy_wallet": "0x2005d16a84ceefa912d4e380cd32e7ff827875ea", "side": "BUY", "size": 225.43, "slug": "mlb-sf-ari-2026-07-01", "timestamp": "2026-07-02T01:41:53Z", "token_id": "39249821927387075636556954380432460999615194602535112669416536458946634880636", "transaction_hash": "0x6b41fa44222ab453af9179e1ca2bdea90b9ae41b43c2c24b914d2cc07ed78c8b"}, {"condition_id": "0x503cc08c1fcff5bcca91d07c143e87b3bddd68566445851e93db965e6a1a122d", "id": "0xa2d1a45d84cba186b31fd7db19715a17166a9af4d08ffc2edb6f507e0f8bd1ed_0xf21793afc0e498bcb301206f3e89248ad839a41904dbdf279264204a00258012", "outcome": "Miami Marlins", "price": 0.62, "proxy_wallet": "0x2005d16a84ceefa912d4e380cd32e7ff827875ea", "side": "BUY", "size": 292, "slug": "mlb-mia-col-2026-07-01", "timestamp": "2026-07-02T01:41:34Z", "token_id": "70456539982031185821545367467561496403366411785803404614583891714944753086599", "transaction_hash": "0xa2d1a45d84cba186b31fd7db19715a17166a9af4d08ffc2edb6f507e0f8bd1ed"}, {"condition_id": "0x503cc08c1fcff5bcca91d07c143e87b3bddd68566445851e93db965e6a1a122d", "id": "0x1701059025f26ebda460dcf2aad31ceb003477bfda3c3727072e1617f8c52e3a_0xf21793afc0e498bcb301206f3e89248ad839a41904dbdf279264204a00258012", "outcome": "Miami Marlins", "price": 0.6200000532000192, "proxy_wallet": "0x2005d16a84ceefa912d4e380cd32e7ff827875ea", "side": "BUY", "size": 5.263156, "slug": "mlb-mia-col-2026-07-01", "timestamp": "2026-07-02T01:41:34Z", "token_id": "70456539982031185821545367467561496403366411785803404614583891714944753086599", "transaction_hash": "0x1701059025f26ebda460dcf2aad31ceb003477bfda3c3727072e1617f8c52e3a"}], "polled_at": "2026-07-02T01:49:25.327851+00:00"}