{"wallet": "0x26f8af9d49328e5fdae2c24e62e5c523bebd3452", "total_trades_90d": 200, "mlb_trades_count": 22, "mlb_condition_ids": ["0x2b92ff7921ac9df284c06f414933c5b01e2ae2436367d3cf5d1619db5d977ec6", "0x381a231517cf6088520a51df34bd1db9b93d035ba51913f98ca845d661e5e738", "0x67c4fbb88c02abe7962f39ca31b15bbda3cd71ed3765d2831dd5dbf00a49340f", "0xdf555b051b32ce152f189b22ee6d1bcca18c87862cf4597251be4c4dbb73b6f7", "0xf7c54e8bd8ee6b45a96aed71c83345290348b3241eef7c5b58f39bfcdee897ac", "0xfcf7c5b8a12b6a4f9c6f3f2cb18558dc5d4d747d3a0a40271cda0abf75f35c05"], "mlb_trade_details": [{"condition_id": "0x381a231517cf6088520a51df34bd1db9b93d035ba51913f98ca845d661e5e738", "id": "0x4e85493e4fdce1017fdb66b04aad9f9b2d6aa8427a1ee32feaf0057cee2b38a2_0xf451b767c308a946bafbe4bf2f1ab1579c39a86b66686814daf88d6e4b5dcbce", "outcome": "Detroit Tigers", "price": 0.999, "proxy_wallet": "0x26f8af9d49328e5fdae2c24e62e5c523bebd3452", "side": "SELL", "size": 8000, "slug": "mlb-det-nyy-2026-07-01", "timestamp": "2026-07-01T20:39:55Z", "token_id": "21732814863574116195637613767442167544947896812245617431219863699392535019565", "transaction_hash": "0x4e85493e4fdce1017fdb66b04aad9f9b2d6aa8427a1ee32feaf0057cee2b38a2"}, {"condition_id": "0x381a231517cf6088520a51df34bd1db9b93d035ba51913f98ca845d661e5e738", "id": "0x19ab0289d7b462f2ba1f073fe12bcd56a747581c0fa1e0860bea2e502b743e45_0x857dbc1ed6207e4b87c62d3218e7be8c9ffae87b45b8d0371d67827e62f3e902", "outcome": "Detroit Tigers", "price": 0.9990000000000001, "proxy_wallet": "0x26f8af9d49328e5fdae2c24e62e5c523bebd3452", "side": "SELL", "size": 4710.41, "slug": "mlb-det-nyy-2026-07-01", "timestamp": "2026-07-01T20:39:25Z", "token_id": "21732814863574116195637613767442167544947896812245617431219863699392535019565", "transaction_hash": "0x19ab0289d7b462f2ba1f073fe12bcd56a747581c0fa1e0860bea2e502b743e45"}, {"condition_id": "0x381a231517cf6088520a51df34bd1db9b93d035ba51913f98ca845d661e5e738", "id": "0x6d7a482ceeccea1ff19cd1c642dd5cbf1495e5a9a884d73f06df3e906e27efc5_0x08299d883dd8036e82b808610ebb69d003288ba5f018bd2968c0ee6da9641ad6", "outcome": "Detroit Tigers", "price": 0.94, "proxy_wallet": "0x26f8af9d49328e5fdae2c24e62e5c523bebd3452", "side": "BUY", "size": 1000, "slug": "mlb-det-nyy-2026-07-01", "timestamp": "2026-07-01T20:38:41Z", "token_id": "21732814863574116195637613767442167544947896812245617431219863699392535019565", "transaction_hash": "0x6d7a482ceeccea1ff19cd1c642dd5cbf1495e5a9a884d73f06df3e906e27efc5"}, {"condition_id": "0x381a231517cf6088520a51df34bd1db9b93d035ba51913f98ca845d661e5e738", "id": "0x6802d4b619d95f61ce9b7b3c7eb6202597c309a11d9d0ec0aa24397b4aab3716_0x08299d883dd8036e82b808610ebb69d003288ba5f018bd2968c0ee6da9641ad6", "outcome": "Detroit Tigers", "price": 0.94, "proxy_wallet": "0x26f8af9d49328e5fdae2c24e62e5c523bebd3452", "side": "BUY", "size": 2000, "slug": "mlb-det-nyy-2026-07-01", "timestamp": "2026-07-01T20:38:40Z", "token_id": "21732814863574116195637613767442167544947896812245617431219863699392535019565", "transaction_hash": "0x6802d4b619d95f61ce9b7b3c7eb6202597c309a11d9d0ec0aa24397b4aab3716"}, {"condition_id": "0x381a231517cf6088520a51df34bd1db9b93d035ba51913f98ca845d661e5e738", "id": "0x327fe24de6aac92bb53fb62038dee6847053b09cdc4d130d36fd619c0ae66fee_0x08299d883dd8036e82b808610ebb69d003288ba5f018bd2968c0ee6da9641ad6", "outcome": "Detroit Tigers", "price": 0.94, "proxy_wallet": "0x26f8af9d49328e5fdae2c24e62e5c523bebd3452", "side": "BUY", "size": 2500, "slug": "mlb-det-nyy-2026-07-01", "timestamp": "2026-07-01T20:38:38Z", "token_id": "21732814863574116195637613767442167544947896812245617431219863699392535019565", "transaction_hash": "0x327fe24de6aac92bb53fb62038dee6847053b09cdc4d130d36fd619c0ae66fee"}, {"condition_id": "0x381a231517cf6088520a51df34bd1db9b93d035ba51913f98ca845d661e5e738", "id": "0x72c736d39fef4f61094ddbe4022847cc8f310857ac0bf78b26bbd70cbf548ea2_0x08299d883dd8036e82b808610ebb69d003288ba5f018bd2968c0ee6da9641ad6", "outcome": "Detroit Tigers", "price": 0.94, "proxy_wallet": "0x26f8af9d49328e5fdae2c24e62e5c523bebd3452", "side": "BUY", "size": 2500, "slug": "mlb-det-nyy-2026-07-01", "timestamp": "2026-07-01T20:38:38Z", "token_id": "21732814863574116195637613767442167544947896812245617431219863699392535019565", "transaction_hash": "0x72c736d39fef4f61094ddbe4022847cc8f310857ac0bf78b26bbd70cbf548ea2"}, {"condition_id": "0x381a231517cf6088520a51df34bd1db9b93d035ba51913f98ca845d661e5e738", "id": "0xdba5cd290f05b5d31c65035a6e1f426246f4a52d0db6345051df56bbf7df5d89_0x0741ace41f0e62dd7756766d5f90d3b0753a1cb7066d5d3a85a223f4e51e21a8", "outcome": "Detroit Tigers", "price": 0.47999999995754095, "proxy_wallet": "0x26f8af9d49328e5fdae2c24e62e5c523bebd3452", "side": "BUY", "size": 4710.416665, "slug": "mlb-det-nyy-2026-07-01", "timestamp": "2026-07-01T20:02:44Z", "token_id": "21732814863574116195637613767442167544947896812245617431219863699392535019565", "transaction_hash": "0xdba5cd290f05b5d31c65035a6e1f426246f4a52d0db6345051df56bbf7df5d89"}, {"condition_id": "0xdf555b051b32ce152f189b22ee6d1bcca18c87862cf4597251be4c4dbb73b6f7", "id": "0x251d649f514821b6b20db659103e790ed7a67c8e05c1883dd0dada9cc1c69cf2_0xe170c8d072cf878b663620907b049d1df1c187a0c1fe8ae856292f98236d9437", "outcome": "Chicago Cubs", "price": 0.9990000000000001, "proxy_wallet": "0x26f8af9d49328e5fdae2c24e62e5c523bebd3452", "side": "SELL", "size": 163.19, "slug": "mlb-sd-chc-2026-06-30", "timestamp": "2026-07-01T03:24:41Z", "token_id": "69476457611186614860276768273779174682039323391627165625982148173715217337743", "transaction_hash": "0x251d649f514821b6b20db659103e790ed7a67c8e05c1883dd0dada9cc1c69cf2"}, {"condition_id": "0x2b92ff7921ac9df284c06f414933c5b01e2ae2436367d3cf5d1619db5d977ec6", "id": "0x49ecabba9d37fda1f145d1b065535524ea56deaad2108ad656bff22bc5212359_0x6fc7257d5a9b8f2973582c73fcaff0f842b43e83d183046b8456be51c854b3f5", "outcome": "Los Angeles Angels", "price": 0.44, "proxy_wallet": "0x26f8af9d49328e5fdae2c24e62e5c523bebd3452", "side": "BUY", "size": 1942, "slug": "mlb-laa-sea-2026-06-30", "timestamp": "2026-07-01T03:05:19Z", "token_id": "112147185103898640732147327846230339350167167545447289307545904178212595666962", "transaction_hash": "0x49ecabba9d37fda1f145d1b065535524ea56deaad2108ad656bff22bc5212359"}, {"condition_id": "0xf7c54e8bd8ee6b45a96aed71c83345290348b3241eef7c5b58f39bfcdee897ac", "id": "0x496fa2c9ceb82d46598f87905560d18f7e11b004c376b704faf3297892511b15_0xa6439e2a53d82279e2c655520ea9822ef11a6e8fad2a1d56dec96cf9707d6b07", "outcome": "Over", "price": 0.9900000000000001, "proxy_wallet": "0x26f8af9d49328e5fdae2c24e62e5c523bebd3452", "side": "BUY", "size": 10.01, "slug": "mlb-sd-chc-2026-06-30-total-16pt5", "timestamp": "2026-07-01T03:00:16Z", "token_id": "59261172083154138949428368749013712760192737750254443086242434100466110835736", "transaction_hash": "0x496fa2c9ceb82d46598f87905560d18f7e11b004c376b704faf3297892511b15"}, {"condition_id": "0xdf555b051b32ce152f189b22ee6d1bcca18c87862cf4597251be4c4dbb73b6f7", "id": "0x9ebd43fe4254a5ae58089673ce06c266521abba19f02675de94be8da69eb3b2d_0xdd1c1a77377e2ae65b650e910e84568aadbf0b1882048d639fb59342ab811ed6", "outcome": "Chicago Cubs", "price": 0.9390000000000001, "proxy_wallet": "0x26f8af9d49328e5fdae2c24e62e5c523bebd3452", "side": "BUY", "size": 50, "slug": "mlb-sd-chc-2026-06-30", "timestamp": "2026-07-01T02:58:11Z", "token_id": "69476457611186614860276768273779174682039323391627165625982148173715217337743", "transaction_hash": "0x9ebd43fe4254a5ae58089673ce06c266521abba19f02675de94be8da69eb3b2d"}, {"condition_id": "0xdf555b051b32ce152f189b22ee6d1bcca18c87862cf4597251be4c4dbb73b6f7", "id": "0x90f9c3781353794c4309102afd9f73f35b300765fc1bd19637dfa32ab4a81f7d_0xdd1c1a77377e2ae65b650e910e84568aadbf0b1882048d639fb59342ab811ed6", "outcome": "Chicago Cubs", "price": 0.9390000000000001, "proxy_wallet": "0x26f8af9d49328e5fdae2c24e62e5c523bebd3452", "side": "BUY", "size": 50, "slug": "mlb-sd-chc-2026-06-30", "timestamp": "2026-07-01T02:58:07Z", "token_id": "69476457611186614860276768273779174682039323391627165625982148173715217337743", "transaction_hash": "0x90f9c3781353794c4309102afd9f73f35b300765fc1bd19637dfa32ab4a81f7d"}, {"condition_id": "0xdf555b051b32ce152f189b22ee6d1bcca18c87862cf4597251be4c4dbb73b6f7", "id": "0x6a76cbdc1391bcc02a1c55bf266aca3458e66585891d3f70a425cbf9057d9bdc_0xdd1c1a77377e2ae65b650e910e84568aadbf0b1882048d639fb59342ab811ed6", "outcome": "Chicago Cubs", "price": 0.9390000000000001, "proxy_wallet": "0x26f8af9d49328e5fdae2c24e62e5c523bebd3452", "side": "BUY", "size": 20, "slug": "mlb-sd-chc-2026-06-30", "timestamp": "2026-07-01T02:58:01Z", "token_id": "69476457611186614860276768273779174682039323391627165625982148173715217337743", "transaction_hash": "0x6a76cbdc1391bcc02a1c55bf266aca3458e66585891d3f70a425cbf9057d9bdc"}, {"condition_id": "0xdf555b051b32ce152f189b22ee6d1bcca18c87862cf4597251be4c4dbb73b6f7", "id": "0x247522496d1bffb8e48e4e38609c3b48852b5ec656e5c2033dfc3aa49301825b_0xdd1c1a77377e2ae65b650e910e84568aadbf0b1882048d639fb59342ab811ed6", "outcome": "Chicago Cubs", "price": 0.9390000000000001, "proxy_wallet": "0x26f8af9d49328e5fdae2c24e62e5c523bebd3452", "side": "BUY", "size": 17.22, "slug": "mlb-sd-chc-2026-06-30", "timestamp": "2026-07-01T02:57:53Z", "token_id": "69476457611186614860276768273779174682039323391627165625982148173715217337743", "transaction_hash": "0x247522496d1bffb8e48e4e38609c3b48852b5ec656e5c2033dfc3aa49301825b"}, {"condition_id": "0xdf555b051b32ce152f189b22ee6d1bcca18c87862cf4597251be4c4dbb73b6f7", "id": "0xd217a555666ba60e63f7992a0699d2dc900b4774cf1c90a37a24f2939bab7e39_0xdd1c1a77377e2ae65b650e910e84568aadbf0b1882048d639fb59342ab811ed6", "outcome": "Chicago Cubs", "price": 0.9390000000000001, "proxy_wallet": "0x26f8af9d49328e5fdae2c24e62e5c523bebd3452", "side": "BUY", "size": 20, "slug": "mlb-sd-chc-2026-06-30", "timestamp": "2026-07-01T02:57:32Z", "token_id": "69476457611186614860276768273779174682039323391627165625982148173715217337743", "transaction_hash": "0xd217a555666ba60e63f7992a0699d2dc900b4774cf1c90a37a24f2939bab7e39"}, {"condition_id": "0xdf555b051b32ce152f189b22ee6d1bcca18c87862cf4597251be4c4dbb73b6f7", "id": "0x370e364aea1f80e84c5fbc4a387fc1e458f8c93fd40b1546236dc4c5b66104ee_0xdd1c1a77377e2ae65b650e910e84568aadbf0b1882048d639fb59342ab811ed6", "outcome": "Chicago Cubs", "price": 0.9390000000000001, "proxy_wallet": "0x26f8af9d49328e5fdae2c24e62e5c523bebd3452", "side": "BUY", "size": 5.97, "slug": "mlb-sd-chc-2026-06-30", "timestamp": "2026-07-01T02:57:25Z", "token_id": "69476457611186614860276768273779174682039323391627165625982148173715217337743", "transaction_hash": "0x370e364aea1f80e84c5fbc4a387fc1e458f8c93fd40b1546236dc4c5b66104ee"}, {"condition_id": "0x67c4fbb88c02abe7962f39ca31b15bbda3cd71ed3765d2831dd5dbf00a49340f", "id": "0x5c875a209a334ed1e6b0d80241aabeb8b18d2e1ea43896db94cc2c6b5a666bd5_0x737b802bdda1a3f3af92ce67934ffdfcb4a44e08d87f3ec99fedd31c51712e3d", "outcome": "Texas Rangers", "price": 0.9199999999999999, "proxy_wallet": "0x26f8af9d49328e5fdae2c24e62e5c523bebd3452", "side": "SELL", "size": 6699.99, "slug": "mlb-tex-cle-2026-06-30", "timestamp": "2026-07-01T00:38:22Z", "token_id": "34259221310230033265182568691817750934826494778488550648290420282910740092398", "transaction_hash": "0x5c875a209a334ed1e6b0d80241aabeb8b18d2e1ea43896db94cc2c6b5a666bd5"}, {"condition_id": "0x67c4fbb88c02abe7962f39ca31b15bbda3cd71ed3765d2831dd5dbf00a49340f", "id": "0x02511005f49ff0e5adb93e11280207617e5e05bf9aa0be852e306e6c648eaca2_0xd9f3426e7485259d05c33c5b1fb6c28c1795434b8b4aa81a61ef0e3a2c7734f9", "outcome": "Texas Rangers", "price": 0.52, "proxy_wallet": "0x26f8af9d49328e5fdae2c24e62e5c523bebd3452", "side": "BUY", "size": 1193.41, "slug": "mlb-tex-cle-2026-06-30", "timestamp": "2026-06-30T23:39:07Z", "token_id": "34259221310230033265182568691817750934826494778488550648290420282910740092398", "transaction_hash": "0x02511005f49ff0e5adb93e11280207617e5e05bf9aa0be852e306e6c648eaca2"}, {"condition_id": "0x67c4fbb88c02abe7962f39ca31b15bbda3cd71ed3765d2831dd5dbf00a49340f", "id": "0x9f9604ed3bf78a42389f01ea2f40f7a8a7fce44cc533650d1de843617f8237ce_0xd9f3426e7485259d05c33c5b1fb6c28c1795434b8b4aa81a61ef0e3a2c7734f9", "outcome": "Texas Rangers", "price": 0.5200000019200001, "proxy_wallet": "0x26f8af9d49328e5fdae2c24e62e5c523bebd3452", "side": "BUY", "size": 104.166665, "slug": "mlb-tex-cle-2026-06-30", "timestamp": "2026-06-30T23:38:44Z", "token_id": "34259221310230033265182568691817750934826494778488550648290420282910740092398", "transaction_hash": "0x9f9604ed3bf78a42389f01ea2f40f7a8a7fce44cc533650d1de843617f8237ce"}, {"condition_id": "0x67c4fbb88c02abe7962f39ca31b15bbda3cd71ed3765d2831dd5dbf00a49340f", "id": "0x7c3658e49c618e495be3739385e68196d1551be0dad29ebafe8f2453ede4be7d_0xd9f3426e7485259d05c33c5b1fb6c28c1795434b8b4aa81a61ef0e3a2c7734f9", "outcome": "Texas Rangers", "price": 0.52, "proxy_wallet": "0x26f8af9d49328e5fdae2c24e62e5c523bebd3452", "side": "BUY", "size": 5402.42, "slug": "mlb-tex-cle-2026-06-30", "timestamp": "2026-06-30T23:38:25Z", "token_id": "34259221310230033265182568691817750934826494778488550648290420282910740092398", "transaction_hash": "0x7c3658e49c618e495be3739385e68196d1551be0dad29ebafe8f2453ede4be7d"}, {"condition_id": "0xfcf7c5b8a12b6a4f9c6f3f2cb18558dc5d4d747d3a0a40271cda0abf75f35c05", "id": "0x995ad0fbe560c863bb7599099675fb3aef1dd4860dbe5d852e635024303ac2c4_0x5d09d40b5f0275da436e1acf7ab1d45f1cd5f1bb7f5e53c4391a45edbe45aa7a", "outcome": "Texas Rangers", "price": 0.79, "proxy_wallet": "0x26f8af9d49328e5fdae2c24e62e5c523bebd3452", "side": "SELL", "size": 3900, "slug": "mlb-tex-cle-2026-06-29", "timestamp": "2026-06-30T01:03:05Z", "token_id": "5922913041946626718009044182994864420386714503461244054000427000716302468250", "transaction_hash": "0x995ad0fbe560c863bb7599099675fb3aef1dd4860dbe5d852e635024303ac2c4"}, {"condition_id": "0xfcf7c5b8a12b6a4f9c6f3f2cb18558dc5d4d747d3a0a40271cda0abf75f35c05", "id": "0xe03a0d371d8b77d0532c22a499526d657155b14566c040d97b57150d8e018179_0x5f2d29168758cacd38830118723bf92305345313b621e4764ee8b31a46d5f040", "outcome": "Texas Rangers", "price": 0.41, "proxy_wallet": "0x26f8af9d49328e5fdae2c24e62e5c523bebd3452", "side": "BUY", "size": 3900, "slug": "mlb-tex-cle-2026-06-29", "timestamp": "2026-06-29T23:46:50Z", "token_id": "5922913041946626718009044182994864420386714503461244054000427000716302468250", "transaction_hash": "0xe03a0d371d8b77d0532c22a499526d657155b14566c040d97b57150d8e018179"}], "polled_at": "2026-07-02T01:49:27.110502+00:00"}