{"wallet": "0x1ec4295fcbcd51699c396b8e1930daa674fedefa", "total_trades_90d": 200, "mlb_trades_count": 39, "mlb_condition_ids": ["0x3db74f14fa0c4d8acb19ff4ffa18d523597a8e553ec565d494290a908d99395a", "0x3e38887e936b8fedd5373852777e7a3e90805affd8139971ebeb4b4956f000f5", "0x7279005cdc5f4533b0cf53ce94a6c4fd43039c721ba39a3ad02dddacabd47d93", "0x728ed3e64f1f6b67d9b3dcd545ae574aaf0dfd3b0fb6df433d0c07c253981ec0", "0xa5f1c7110b05fde645258c7c9e58d3ddbec94631db35b22f7a02db94d4571a29", "0xae0363bfe26b7de87f4526c47d5de9b324bab3d14690112bd89b34c9ed3552fc", "0xae8cf6ba7bd936d12c4c77b77b800dc378a76f02d0276fbc1dc1932f01f8eb9e"], "mlb_trade_details": [{"condition_id": "0x7279005cdc5f4533b0cf53ce94a6c4fd43039c721ba39a3ad02dddacabd47d93", "id": "0x5f0fa2e92c1aed628adfaa17b9f8524ea5322fd2586341e3bc9e55408628dfe2_0x85451869c93f3fc728698cb2500f52eb57c897a31bb7d227aa13c5c7619667ab", "outcome": "Yes", "price": 0.028000000000000004, "proxy_wallet": "0x1ec4295fcbcd51699c396b8e1930daa674fedefa", "side": "BUY", "size": 474.03, "slug": "will-the-chicago-white-sox-win-the-2026-world-series", "timestamp": "2026-07-01T09:38:05Z", "token_id": "47345805017667669897137395690450353435714129302571040588246790838753631749361", "transaction_hash": "0x5f0fa2e92c1aed628adfaa17b9f8524ea5322fd2586341e3bc9e55408628dfe2"}, {"condition_id": "0x3db74f14fa0c4d8acb19ff4ffa18d523597a8e553ec565d494290a908d99395a", "id": "0xa61d51934852454158147957719e4db8cb404a97b5ca03c13332dd5b2093b3d8_0xfb6aeda9142beba378edebe58da03d460d543c7270d646d56c54b8eadaae215f", "outcome": "Yes", "price": 0.08499999999999999, "proxy_wallet": "0x1ec4295fcbcd51699c396b8e1930daa674fedefa", "side": "BUY", "size": 53.84, "slug": "will-the-milwaukee-brewers-win-the-2026-world-series", "timestamp": "2026-07-01T03:24:59Z", "token_id": "68495273029336552259622116656826978391613637593537133254546205487243272235948", "transaction_hash": "0xa61d51934852454158147957719e4db8cb404a97b5ca03c13332dd5b2093b3d8"}, {"condition_id": "0x3db74f14fa0c4d8acb19ff4ffa18d523597a8e553ec565d494290a908d99395a", "id": "0xa774871dc094abcb6d72c719692ef6ef67373c376140abd0e11bd99f723daee6_0xfb6aeda9142beba378edebe58da03d460d543c7270d646d56c54b8eadaae215f", "outcome": "Yes", "price": 0.085, "proxy_wallet": "0x1ec4295fcbcd51699c396b8e1930daa674fedefa", "side": "BUY", "size": 20.71, "slug": "will-the-milwaukee-brewers-win-the-2026-world-series", "timestamp": "2026-07-01T02:57:20Z", "token_id": "68495273029336552259622116656826978391613637593537133254546205487243272235948", "transaction_hash": "0xa774871dc094abcb6d72c719692ef6ef67373c376140abd0e11bd99f723daee6"}, {"condition_id": "0xa5f1c7110b05fde645258c7c9e58d3ddbec94631db35b22f7a02db94d4571a29", "id": "0xfdd19ca9e318187713eea7525efd7decdedf4b7be75c71c5ae650735c66ebef3_0xa33aae2a56f1762c1633f19a987b6a21e590a381eeb67f10190392392a64bcdf", "outcome": "Yes", "price": 0.006000000757336795, "proxy_wallet": "0x1ec4295fcbcd51699c396b8e1930daa674fedefa", "side": "BUY", "size": 5.281666, "slug": "will-the-miami-marlins-win-the-2026-world-series", "timestamp": "2026-07-01T02:28:50Z", "token_id": "5703581201154376560187680422416496828142499508237498193695565902061790054297", "transaction_hash": "0xfdd19ca9e318187713eea7525efd7decdedf4b7be75c71c5ae650735c66ebef3"}, {"condition_id": "0xae8cf6ba7bd936d12c4c77b77b800dc378a76f02d0276fbc1dc1932f01f8eb9e", "id": "0xd193b789e355282dbcbf9f8a73ace3cd3945e260d507b765356e6f1384855bf1_0xac12d7cc27e3fc3fb58af8e90b81df09733dae64d80c01759a7b40c3aae7e734", "outcome": "Yes", "price": 0.004999999999999999, "proxy_wallet": "0x1ec4295fcbcd51699c396b8e1930daa674fedefa", "side": "SELL", "size": 7075.93, "slug": "will-the-baltimore-orioles-win-the-2026-world-series", "timestamp": "2026-07-01T02:22:41Z", "token_id": "76901108251634167363891633800845596864827549489351737120636456747135280488503", "transaction_hash": "0xd193b789e355282dbcbf9f8a73ace3cd3945e260d507b765356e6f1384855bf1"}, {"condition_id": "0xa5f1c7110b05fde645258c7c9e58d3ddbec94631db35b22f7a02db94d4571a29", "id": "0x8931485046d0673cd73039fdf715f5139ebcc85c8333e9cb59b7d4b792c66af4_0xa33aae2a56f1762c1633f19a987b6a21e590a381eeb67f10190392392a64bcdf", "outcome": "Yes", "price": 0.006, "proxy_wallet": "0x1ec4295fcbcd51699c396b8e1930daa674fedefa", "side": "BUY", "size": 13.7, "slug": "will-the-miami-marlins-win-the-2026-world-series", "timestamp": "2026-07-01T02:22:11Z", "token_id": "5703581201154376560187680422416496828142499508237498193695565902061790054297", "transaction_hash": "0x8931485046d0673cd73039fdf715f5139ebcc85c8333e9cb59b7d4b792c66af4"}, {"condition_id": "0xa5f1c7110b05fde645258c7c9e58d3ddbec94631db35b22f7a02db94d4571a29", "id": "0xe0c656b7ebd40719bd46f956ccae1213346a01f472f8bb076783532cfd28ae45_0xe20af895f50b557a3d09813642bd6e745fdad0fc1238fe8b0bd87c711359f9a8", "outcome": "Yes", "price": 0.006, "proxy_wallet": "0x1ec4295fcbcd51699c396b8e1930daa674fedefa", "side": "BUY", "size": 19256.48, "slug": "will-the-miami-marlins-win-the-2026-world-series", "timestamp": "2026-07-01T02:22:02Z", "token_id": "5703581201154376560187680422416496828142499508237498193695565902061790054297", "transaction_hash": "0xe0c656b7ebd40719bd46f956ccae1213346a01f472f8bb076783532cfd28ae45"}, {"condition_id": "0xae0363bfe26b7de87f4526c47d5de9b324bab3d14690112bd89b34c9ed3552fc", "id": "0x552f1a0a47edbcf2d9b625c31bc9e7183dcebd65686e253ad9e066ba50a64118_0xbcf335e35ed982bba48b3db1600812fdb4f5c76b72d8123fb95cde0aa62f277f", "outcome": "Yes", "price": 0.024000000000000004, "proxy_wallet": "0x1ec4295fcbcd51699c396b8e1930daa674fedefa", "side": "BUY", "size": 752.56, "slug": "will-the-chicago-cubs-win-the-2026-world-series", "timestamp": "2026-07-01T02:20:29Z", "token_id": "11940406787186341071755148448116745833167346421729699368674725740151230699960", "transaction_hash": "0x552f1a0a47edbcf2d9b625c31bc9e7183dcebd65686e253ad9e066ba50a64118"}, {"condition_id": "0x728ed3e64f1f6b67d9b3dcd545ae574aaf0dfd3b0fb6df433d0c07c253981ec0", "id": "0x0f1479d09ce4c46cad905b76c3645f5c850bd5bfd9ca2b2ae3d807bca9447333_0xd6b623b108319dbdd2e5826930b9bcec64e69a002628d226f93e3825b207e459", "outcome": "Yes", "price": 0.008, "proxy_wallet": "0x1ec4295fcbcd51699c396b8e1930daa674fedefa", "side": "SELL", "size": 50, "slug": "will-the-st-louis-cardinals-win-the-2026-world-series", "timestamp": "2026-06-29T18:11:50Z", "token_id": "70046809005614326654993856784038215986843482626383701474756417133141056424411", "transaction_hash": "0x0f1479d09ce4c46cad905b76c3645f5c850bd5bfd9ca2b2ae3d807bca9447333"}, {"condition_id": "0x3e38887e936b8fedd5373852777e7a3e90805affd8139971ebeb4b4956f000f5", "id": "0xa0e781e4a12088bd85886211deedc874b404c773404204c617aa173c5af46a63_0x30d37a9b11829757fa54a81f73438fbdaac3cdc1e401abbfeddc3888b23ea206", "outcome": "Yes", "price": 0.004, "proxy_wallet": "0x1ec4295fcbcd51699c396b8e1930daa674fedefa", "side": "BUY", "size": 14.46775, "slug": "will-the-boston-red-sox-win-the-2026-world-series", "timestamp": "2026-06-29T10:13:16Z", "token_id": "49490029022429715624870536101813422563892045373640045791646802985069593764860", "transaction_hash": "0xa0e781e4a12088bd85886211deedc874b404c773404204c617aa173c5af46a63"}, {"condition_id": "0x3e38887e936b8fedd5373852777e7a3e90805affd8139971ebeb4b4956f000f5", "id": "0x2cff96ed4b7fa2bbbc6f6df12b04dbb81c72350626f1a8120bf3c64e7dec443b_0x30d37a9b11829757fa54a81f73438fbdaac3cdc1e401abbfeddc3888b23ea206", "outcome": "Yes", "price": 0.003999999999999999, "proxy_wallet": "0x1ec4295fcbcd51699c396b8e1930daa674fedefa", "side": "BUY", "size": 16.9175, "slug": "will-the-boston-red-sox-win-the-2026-world-series", "timestamp": "2026-06-29T10:07:49Z", "token_id": "49490029022429715624870536101813422563892045373640045791646802985069593764860", "transaction_hash": "0x2cff96ed4b7fa2bbbc6f6df12b04dbb81c72350626f1a8120bf3c64e7dec443b"}, {"condition_id": "0x728ed3e64f1f6b67d9b3dcd545ae574aaf0dfd3b0fb6df433d0c07c253981ec0", "id": "0x898b19e031ef2be830465793de90e6255353680dd70f77eca569de13e6a709cb_0xd6b623b108319dbdd2e5826930b9bcec64e69a002628d226f93e3825b207e459", "outcome": "Yes", "price": 0.008, "proxy_wallet": "0x1ec4295fcbcd51699c396b8e1930daa674fedefa", "side": "SELL", "size": 44.71, "slug": "will-the-st-louis-cardinals-win-the-2026-world-series", "timestamp": "2026-06-29T09:51:16Z", "token_id": "70046809005614326654993856784038215986843482626383701474756417133141056424411", "transaction_hash": "0x898b19e031ef2be830465793de90e6255353680dd70f77eca569de13e6a709cb"}, {"condition_id": "0x3e38887e936b8fedd5373852777e7a3e90805affd8139971ebeb4b4956f000f5", "id": "0x42f7bda8ec3f8ab786b8a824946040beb4cd0a97041fd634657662a6f9337f64_0x30d37a9b11829757fa54a81f73438fbdaac3cdc1e401abbfeddc3888b23ea206", "outcome": "Yes", "price": 0.004, "proxy_wallet": "0x1ec4295fcbcd51699c396b8e1930daa674fedefa", "side": "BUY", "size": 6.84725, "slug": "will-the-boston-red-sox-win-the-2026-world-series", "timestamp": "2026-06-29T09:46:47Z", "token_id": "49490029022429715624870536101813422563892045373640045791646802985069593764860", "transaction_hash": "0x42f7bda8ec3f8ab786b8a824946040beb4cd0a97041fd634657662a6f9337f64"}, {"condition_id": "0x3e38887e936b8fedd5373852777e7a3e90805affd8139971ebeb4b4956f000f5", "id": "0x0d59e354cb1ca53df3ae6acde9f45666d618a07ac0dc3d3871ea9c9350f0559c_0x30d37a9b11829757fa54a81f73438fbdaac3cdc1e401abbfeddc3888b23ea206", "outcome": "Yes", "price": 0.004, "proxy_wallet": "0x1ec4295fcbcd51699c396b8e1930daa674fedefa", "side": "BUY", "size": 20.753, "slug": "will-the-boston-red-sox-win-the-2026-world-series", "timestamp": "2026-06-29T09:37:43Z", "token_id": "49490029022429715624870536101813422563892045373640045791646802985069593764860", "transaction_hash": "0x0d59e354cb1ca53df3ae6acde9f45666d618a07ac0dc3d3871ea9c9350f0559c"}, {"condition_id": "0x3e38887e936b8fedd5373852777e7a3e90805affd8139971ebeb4b4956f000f5", "id": "0x77371df6054953183ba1de33bf7bc45aafda213048c1c0034227ebff773a605a_0x30d37a9b11829757fa54a81f73438fbdaac3cdc1e401abbfeddc3888b23ea206", "outcome": "Yes", "price": 0.004, "proxy_wallet": "0x1ec4295fcbcd51699c396b8e1930daa674fedefa", "side": "BUY", "size": 41.787, "slug": "will-the-boston-red-sox-win-the-2026-world-series", "timestamp": "2026-06-29T09:36:17Z", "token_id": "49490029022429715624870536101813422563892045373640045791646802985069593764860", "transaction_hash": "0x77371df6054953183ba1de33bf7bc45aafda213048c1c0034227ebff773a605a"}, {"condition_id": "0x3e38887e936b8fedd5373852777e7a3e90805affd8139971ebeb4b4956f000f5", "id": "0x30256bee1140874f8354016dd9f40552c913d2ad130cef3f7d4ec98b90281b7c_0x30d37a9b11829757fa54a81f73438fbdaac3cdc1e401abbfeddc3888b23ea206", "outcome": "Yes", "price": 0.004, "proxy_wallet": "0x1ec4295fcbcd51699c396b8e1930daa674fedefa", "side": "BUY", "size": 11.757, "slug": "will-the-boston-red-sox-win-the-2026-world-series", "timestamp": "2026-06-29T09:32:14Z", "token_id": "49490029022429715624870536101813422563892045373640045791646802985069593764860", "transaction_hash": "0x30256bee1140874f8354016dd9f40552c913d2ad130cef3f7d4ec98b90281b7c"}, {"condition_id": "0x3e38887e936b8fedd5373852777e7a3e90805affd8139971ebeb4b4956f000f5", "id": "0x5968d1c892fac3c70b861a4e6dac075061ba0b788bbea5b12b28222038b09234_0x30d37a9b11829757fa54a81f73438fbdaac3cdc1e401abbfeddc3888b23ea206", "outcome": "Yes", "price": 0.004, "proxy_wallet": "0x1ec4295fcbcd51699c396b8e1930daa674fedefa", "side": "BUY", "size": 13.9355, "slug": "will-the-boston-red-sox-win-the-2026-world-series", "timestamp": "2026-06-29T09:27:25Z", "token_id": "49490029022429715624870536101813422563892045373640045791646802985069593764860", "transaction_hash": "0x5968d1c892fac3c70b861a4e6dac075061ba0b788bbea5b12b28222038b09234"}, {"condition_id": "0x3e38887e936b8fedd5373852777e7a3e90805affd8139971ebeb4b4956f000f5", "id": "0x04aab7d00c745cf1ed26f5226e3f5bb0d07c4c3d4c6a2aea5892c9f3ec7521c3_0x30d37a9b11829757fa54a81f73438fbdaac3cdc1e401abbfeddc3888b23ea206", "outcome": "Yes", "price": 0.004, "proxy_wallet": "0x1ec4295fcbcd51699c396b8e1930daa674fedefa", "side": "BUY", "size": 15.09025, "slug": "will-the-boston-red-sox-win-the-2026-world-series", "timestamp": "2026-06-29T09:25:02Z", "token_id": "49490029022429715624870536101813422563892045373640045791646802985069593764860", "transaction_hash": "0x04aab7d00c745cf1ed26f5226e3f5bb0d07c4c3d4c6a2aea5892c9f3ec7521c3"}, {"condition_id": "0x3e38887e936b8fedd5373852777e7a3e90805affd8139971ebeb4b4956f000f5", "id": "0x819c92eb46306ac89670abf78e3b0fd7d0975354ce873b907d496e0417731650_0x30d37a9b11829757fa54a81f73438fbdaac3cdc1e401abbfeddc3888b23ea206", "outcome": "Yes", "price": 0.004, "proxy_wallet": "0x1ec4295fcbcd51699c396b8e1930daa674fedefa", "side": "BUY", "size": 13.36325, "slug": "will-the-boston-red-sox-win-the-2026-world-series", "timestamp": "2026-06-29T09:24:22Z", "token_id": "49490029022429715624870536101813422563892045373640045791646802985069593764860", "transaction_hash": "0x819c92eb46306ac89670abf78e3b0fd7d0975354ce873b907d496e0417731650"}, {"condition_id": "0x3e38887e936b8fedd5373852777e7a3e90805affd8139971ebeb4b4956f000f5", "id": "0x6d92f9e4e6e1c423cc671db7d0631cd1a3802c74267e14b18f9ec48ad2f49871_0x30d37a9b11829757fa54a81f73438fbdaac3cdc1e401abbfeddc3888b23ea206", "outcome": "Yes", "price": 0.004, "proxy_wallet": "0x1ec4295fcbcd51699c396b8e1930daa674fedefa", "side": "BUY", "size": 53.73475, "slug": "will-the-boston-red-sox-win-the-2026-world-series", "timestamp": "2026-06-29T09:00:14Z", "token_id": "49490029022429715624870536101813422563892045373640045791646802985069593764860", "transaction_hash": "0x6d92f9e4e6e1c423cc671db7d0631cd1a3802c74267e14b18f9ec48ad2f49871"}, {"condition_id": "0x3e38887e936b8fedd5373852777e7a3e90805affd8139971ebeb4b4956f000f5", "id": "0x4e28b4810524945e8e2192e47350434312799a97d6f5ea1fbaaabefb2b6c443d_0x30d37a9b11829757fa54a81f73438fbdaac3cdc1e401abbfeddc3888b23ea206", "outcome": "Yes", "price": 0.004, "proxy_wallet": "0x1ec4295fcbcd51699c396b8e1930daa674fedefa", "side": "BUY", "size": 50.552, "slug": "will-the-boston-red-sox-win-the-2026-world-series", "timestamp": "2026-06-29T08:58:16Z", "token_id": "49490029022429715624870536101813422563892045373640045791646802985069593764860", "transaction_hash": "0x4e28b4810524945e8e2192e47350434312799a97d6f5ea1fbaaabefb2b6c443d"}, {"condition_id": "0x3e38887e936b8fedd5373852777e7a3e90805affd8139971ebeb4b4956f000f5", "id": "0xe22516c0907af1ab600095cf802b3f9d25e83f9bca8fcca1f60444ea0fd5b477_0x30d37a9b11829757fa54a81f73438fbdaac3cdc1e401abbfeddc3888b23ea206", "outcome": "Yes", "price": 0.004000000000000001, "proxy_wallet": "0x1ec4295fcbcd51699c396b8e1930daa674fedefa", "side": "BUY", "size": 9.277, "slug": "will-the-boston-red-sox-win-the-2026-world-series", "timestamp": "2026-06-29T08:54:34Z", "token_id": "49490029022429715624870536101813422563892045373640045791646802985069593764860", "transaction_hash": "0xe22516c0907af1ab600095cf802b3f9d25e83f9bca8fcca1f60444ea0fd5b477"}, {"condition_id": "0x3e38887e936b8fedd5373852777e7a3e90805affd8139971ebeb4b4956f000f5", "id": "0xdfff0174446673782fe6c15dc7929acf4396f265f3248c097db6104d2bc96fe1_0x30d37a9b11829757fa54a81f73438fbdaac3cdc1e401abbfeddc3888b23ea206", "outcome": "Yes", "price": 0.004, "proxy_wallet": "0x1ec4295fcbcd51699c396b8e1930daa674fedefa", "side": "BUY", "size": 53.12225, "slug": "will-the-boston-red-sox-win-the-2026-world-series", "timestamp": "2026-06-29T08:39:13Z", "token_id": "49490029022429715624870536101813422563892045373640045791646802985069593764860", "transaction_hash": "0xdfff0174446673782fe6c15dc7929acf4396f265f3248c097db6104d2bc96fe1"}, {"condition_id": "0x3e38887e936b8fedd5373852777e7a3e90805affd8139971ebeb4b4956f000f5", "id": "0x72a26db125bf9713cd115d325fc5493f86a4de2c7c037522468bc3e9356108f5_0x30d37a9b11829757fa54a81f73438fbdaac3cdc1e401abbfeddc3888b23ea206", "outcome": "Yes", "price": 0.004, "proxy_wallet": "0x1ec4295fcbcd51699c396b8e1930daa674fedefa", "side": "BUY", "size": 50.71275, "slug": "will-the-boston-red-sox-win-the-2026-world-series", "timestamp": "2026-06-29T08:29:41Z", "token_id": "49490029022429715624870536101813422563892045373640045791646802985069593764860", "transaction_hash": "0x72a26db125bf9713cd115d325fc5493f86a4de2c7c037522468bc3e9356108f5"}, {"condition_id": "0x3e38887e936b8fedd5373852777e7a3e90805affd8139971ebeb4b4956f000f5", "id": "0x8e58e77d8952b04fd25bd3c3bec0bac294dce1cd330c99c68ea21f26a2a6d786_0x30d37a9b11829757fa54a81f73438fbdaac3cdc1e401abbfeddc3888b23ea206", "outcome": "Yes", "price": 0.004, "proxy_wallet": "0x1ec4295fcbcd51699c396b8e1930daa674fedefa", "side": "BUY", "size": 50.4115, "slug": "will-the-boston-red-sox-win-the-2026-world-series", "timestamp": "2026-06-29T06:55:08Z", "token_id": "49490029022429715624870536101813422563892045373640045791646802985069593764860", "transaction_hash": "0x8e58e77d8952b04fd25bd3c3bec0bac294dce1cd330c99c68ea21f26a2a6d786"}, {"condition_id": "0x3e38887e936b8fedd5373852777e7a3e90805affd8139971ebeb4b4956f000f5", "id": "0x98e638256d183aa1bb2d5c6a3dead0fbee07f9269e881605202a89ee2410d63d_0x30d37a9b11829757fa54a81f73438fbdaac3cdc1e401abbfeddc3888b23ea206", "outcome": "Yes", "price": 0.004, "proxy_wallet": "0x1ec4295fcbcd51699c396b8e1930daa674fedefa", "side": "BUY", "size": 37.70075, "slug": "will-the-boston-red-sox-win-the-2026-world-series", "timestamp": "2026-06-29T06:13:07Z", "token_id": "49490029022429715624870536101813422563892045373640045791646802985069593764860", "transaction_hash": "0x98e638256d183aa1bb2d5c6a3dead0fbee07f9269e881605202a89ee2410d63d"}, {"condition_id": "0x3e38887e936b8fedd5373852777e7a3e90805affd8139971ebeb4b4956f000f5", "id": "0x71f13c516b7d0bf334a46644c959ed84cfa8c24a7ccd5112f302932f9c68a5a2_0x30d37a9b11829757fa54a81f73438fbdaac3cdc1e401abbfeddc3888b23ea206", "outcome": "Yes", "price": 0.004, "proxy_wallet": "0x1ec4295fcbcd51699c396b8e1930daa674fedefa", "side": "BUY", "size": 41.45575, "slug": "will-the-boston-red-sox-win-the-2026-world-series", "timestamp": "2026-06-29T05:42:29Z", "token_id": "49490029022429715624870536101813422563892045373640045791646802985069593764860", "transaction_hash": "0x71f13c516b7d0bf334a46644c959ed84cfa8c24a7ccd5112f302932f9c68a5a2"}, {"condition_id": "0x3e38887e936b8fedd5373852777e7a3e90805affd8139971ebeb4b4956f000f5", "id": "0xcd25652c239dc36d52fd57a27efe3be70c1a6cd9e510bca1b6bb8f8edbf1e8dc_0x30d37a9b11829757fa54a81f73438fbdaac3cdc1e401abbfeddc3888b23ea206", "outcome": "Yes", "price": 0.004, "proxy_wallet": "0x1ec4295fcbcd51699c396b8e1930daa674fedefa", "side": "BUY", "size": 56.58625, "slug": "will-the-boston-red-sox-win-the-2026-world-series", "timestamp": "2026-06-29T04:54:07Z", "token_id": "49490029022429715624870536101813422563892045373640045791646802985069593764860", "transaction_hash": "0xcd25652c239dc36d52fd57a27efe3be70c1a6cd9e510bca1b6bb8f8edbf1e8dc"}, {"condition_id": "0x3e38887e936b8fedd5373852777e7a3e90805affd8139971ebeb4b4956f000f5", "id": "0x0ad26e23059b0a95825dc9d3114801667abb3b973ac0dd99dc085762d7dd1e32_0x30d37a9b11829757fa54a81f73438fbdaac3cdc1e401abbfeddc3888b23ea206", "outcome": "Yes", "price": 0.004, "proxy_wallet": "0x1ec4295fcbcd51699c396b8e1930daa674fedefa", "side": "BUY", "size": 35.311, "slug": "will-the-boston-red-sox-win-the-2026-world-series", "timestamp": "2026-06-29T03:45:17Z", "token_id": "49490029022429715624870536101813422563892045373640045791646802985069593764860", "transaction_hash": "0x0ad26e23059b0a95825dc9d3114801667abb3b973ac0dd99dc085762d7dd1e32"}, {"condition_id": "0x3e38887e936b8fedd5373852777e7a3e90805affd8139971ebeb4b4956f000f5", "id": "0xe7ee17499a0d417bfdb574b83238d4f0cd4b61bd8db52185ab44cc475a809b51_0x30d37a9b11829757fa54a81f73438fbdaac3cdc1e401abbfeddc3888b23ea206", "outcome": "Yes", "price": 0.004, "proxy_wallet": "0x1ec4295fcbcd51699c396b8e1930daa674fedefa", "side": "BUY", "size": 38.19275, "slug": "will-the-boston-red-sox-win-the-2026-world-series", "timestamp": "2026-06-29T03:41:44Z", "token_id": "49490029022429715624870536101813422563892045373640045791646802985069593764860", "transaction_hash": "0xe7ee17499a0d417bfdb574b83238d4f0cd4b61bd8db52185ab44cc475a809b51"}, {"condition_id": "0x3e38887e936b8fedd5373852777e7a3e90805affd8139971ebeb4b4956f000f5", "id": "0xbc1e2067f185a944583a518135074419d5ea2e5c5caf743e9ed44055d70fe156_0x30d37a9b11829757fa54a81f73438fbdaac3cdc1e401abbfeddc3888b23ea206", "outcome": "Yes", "price": 0.004, "proxy_wallet": "0x1ec4295fcbcd51699c396b8e1930daa674fedefa", "side": "BUY", "size": 51.36525, "slug": "will-the-boston-red-sox-win-the-2026-world-series", "timestamp": "2026-06-29T03:35:31Z", "token_id": "49490029022429715624870536101813422563892045373640045791646802985069593764860", "transaction_hash": "0xbc1e2067f185a944583a518135074419d5ea2e5c5caf743e9ed44055d70fe156"}, {"condition_id": "0x3e38887e936b8fedd5373852777e7a3e90805affd8139971ebeb4b4956f000f5", "id": "0x05a5c8324fa21774fa29d70bd4f0950a8f22ca1863741e09fa32e544896385de_0x30d37a9b11829757fa54a81f73438fbdaac3cdc1e401abbfeddc3888b23ea206", "outcome": "Yes", "price": 0.004, "proxy_wallet": "0x1ec4295fcbcd51699c396b8e1930daa674fedefa", "side": "BUY", "size": 51.8975, "slug": "will-the-boston-red-sox-win-the-2026-world-series", "timestamp": "2026-06-29T03:21:16Z", "token_id": "49490029022429715624870536101813422563892045373640045791646802985069593764860", "transaction_hash": "0x05a5c8324fa21774fa29d70bd4f0950a8f22ca1863741e09fa32e544896385de"}, {"condition_id": "0x3e38887e936b8fedd5373852777e7a3e90805affd8139971ebeb4b4956f000f5", "id": "0x3f3b4f30e66adcb9f41fa175d14813fa202a5a8a06638467fc4afee8837ce4db_0x30d37a9b11829757fa54a81f73438fbdaac3cdc1e401abbfeddc3888b23ea206", "outcome": "Yes", "price": 0.004, "proxy_wallet": "0x1ec4295fcbcd51699c396b8e1930daa674fedefa", "side": "BUY", "size": 41.22475, "slug": "will-the-boston-red-sox-win-the-2026-world-series", "timestamp": "2026-06-29T03:16:49Z", "token_id": "49490029022429715624870536101813422563892045373640045791646802985069593764860", "transaction_hash": "0x3f3b4f30e66adcb9f41fa175d14813fa202a5a8a06638467fc4afee8837ce4db"}, {"condition_id": "0x3e38887e936b8fedd5373852777e7a3e90805affd8139971ebeb4b4956f000f5", "id": "0xc5c2b1c712e7d1f68f4b48abcc216718bb7416e3e4b2ef32c2768335da64330b_0x30d37a9b11829757fa54a81f73438fbdaac3cdc1e401abbfeddc3888b23ea206", "outcome": "Yes", "price": 0.004, "proxy_wallet": "0x1ec4295fcbcd51699c396b8e1930daa674fedefa", "side": "BUY", "size": 43.69475, "slug": "will-the-boston-red-sox-win-the-2026-world-series", "timestamp": "2026-06-29T01:59:29Z", "token_id": "49490029022429715624870536101813422563892045373640045791646802985069593764860", "transaction_hash": "0xc5c2b1c712e7d1f68f4b48abcc216718bb7416e3e4b2ef32c2768335da64330b"}, {"condition_id": "0x3e38887e936b8fedd5373852777e7a3e90805affd8139971ebeb4b4956f000f5", "id": "0x2169ffa515384f8cb0dfa3eeae70bec2df2328908a1888c9d57a16b1b73f6fe9_0x30d37a9b11829757fa54a81f73438fbdaac3cdc1e401abbfeddc3888b23ea206", "outcome": "Yes", "price": 0.004, "proxy_wallet": "0x1ec4295fcbcd51699c396b8e1930daa674fedefa", "side": "BUY", "size": 34.799, "slug": "will-the-boston-red-sox-win-the-2026-world-series", "timestamp": "2026-06-29T00:18:38Z", "token_id": "49490029022429715624870536101813422563892045373640045791646802985069593764860", "transaction_hash": "0x2169ffa515384f8cb0dfa3eeae70bec2df2328908a1888c9d57a16b1b73f6fe9"}, {"condition_id": "0x3e38887e936b8fedd5373852777e7a3e90805affd8139971ebeb4b4956f000f5", "id": "0x0bac6f856f6bc1c91e95a93821a7f5e9a9e1ebfc5c1e6e5cfb6f43635ed0bfb6_0x30d37a9b11829757fa54a81f73438fbdaac3cdc1e401abbfeddc3888b23ea206", "outcome": "Yes", "price": 0.004, "proxy_wallet": "0x1ec4295fcbcd51699c396b8e1930daa674fedefa", "side": "BUY", "size": 48.3835, "slug": "will-the-boston-red-sox-win-the-2026-world-series", "timestamp": "2026-06-28T23:43:46Z", "token_id": "49490029022429715624870536101813422563892045373640045791646802985069593764860", "transaction_hash": "0x0bac6f856f6bc1c91e95a93821a7f5e9a9e1ebfc5c1e6e5cfb6f43635ed0bfb6"}, {"condition_id": "0x3e38887e936b8fedd5373852777e7a3e90805affd8139971ebeb4b4956f000f5", "id": "0x3f9af69bb92cda082d685c3db93f69dbfc3723333a50bee7a10fe2baa80cbf56_0x30d37a9b11829757fa54a81f73438fbdaac3cdc1e401abbfeddc3888b23ea206", "outcome": "Yes", "price": 0.004, "proxy_wallet": "0x1ec4295fcbcd51699c396b8e1930daa674fedefa", "side": "BUY", "size": 41.265, "slug": "will-the-boston-red-sox-win-the-2026-world-series", "timestamp": "2026-06-28T23:36:37Z", "token_id": "49490029022429715624870536101813422563892045373640045791646802985069593764860", "transaction_hash": "0x3f9af69bb92cda082d685c3db93f69dbfc3723333a50bee7a10fe2baa80cbf56"}, {"condition_id": "0x3e38887e936b8fedd5373852777e7a3e90805affd8139971ebeb4b4956f000f5", "id": "0xac3d7eeaf340ccc8bccd1c9deeff9886dc550662616089d0fed463951bb0c192_0x30d37a9b11829757fa54a81f73438fbdaac3cdc1e401abbfeddc3888b23ea206", "outcome": "Yes", "price": 0.004, "proxy_wallet": "0x1ec4295fcbcd51699c396b8e1930daa674fedefa", "side": "BUY", "size": 49.508, "slug": "will-the-boston-red-sox-win-the-2026-world-series", "timestamp": "2026-06-28T23:36:16Z", "token_id": "49490029022429715624870536101813422563892045373640045791646802985069593764860", "transaction_hash": "0xac3d7eeaf340ccc8bccd1c9deeff9886dc550662616089d0fed463951bb0c192"}, {"condition_id": "0x3e38887e936b8fedd5373852777e7a3e90805affd8139971ebeb4b4956f000f5", "id": "0xc28bcf081ed772694947c4f435af6ff7b874c1c0772d92eed349b09483e8e29b_0x30d37a9b11829757fa54a81f73438fbdaac3cdc1e401abbfeddc3888b23ea206", "outcome": "Yes", "price": 0.004, "proxy_wallet": "0x1ec4295fcbcd51699c396b8e1930daa674fedefa", "side": "BUY", "size": 42.95175, "slug": "will-the-boston-red-sox-win-the-2026-world-series", "timestamp": "2026-06-28T23:28:29Z", "token_id": "49490029022429715624870536101813422563892045373640045791646802985069593764860", "transaction_hash": "0xc28bcf081ed772694947c4f435af6ff7b874c1c0772d92eed349b09483e8e29b"}], "polled_at": "2026-07-02T01:49:51.907575+00:00"}