{"wallet": "0x6082a48d24942336799a0452280586f8311b3323", "total_trades_90d": 171, "mlb_trades_count": 16, "mlb_condition_ids": ["0x14fad2a17d62f79aa7a253406860ef8b36129e195166dfe59a02529fbadc773b", "0x76bb05cfbf31eb30dcc20b5ee6aef61f472a774d4a11818a82fc89e9ef2a691f", "0xb3d6f987b056ba304a306fda19638b5ad102436bfdcdccab666031088af0e292", "0xba9a25966e61386933732603c7eaa6a32290b5034f35b8c99a27127267e5ea2c", "0xcc5ac79e75113d325de33982adb585b9c1a19575186d2570a09f6070cb1f0a72", "0xeced37a42da367a843d417a5bb7e5c985c6304f5f0c4f2451d1a021ce4e6e30b"], "mlb_trade_details": [{"condition_id": "0xba9a25966e61386933732603c7eaa6a32290b5034f35b8c99a27127267e5ea2c", "id": "0x37fedab342c79a1ddd47bc30c13164bec78367ebe30962c8976b539853b76d73_0x1b10afa5ab976ef65c65930a2a87b825fa7deb51e1609bd1bbc8a8e85672d9ee", "outcome": "San Diego Padres", "price": 0.001, "proxy_wallet": "0x6082a48d24942336799a0452280586f8311b3323", "side": "BUY", "size": 15000, "slug": "mlb-sd-chc-2026-06-29", "timestamp": "2026-06-30T03:18:14Z", "token_id": "85221114576935657054454439775859151930112521576648967139785454724793328061340", "transaction_hash": "0x37fedab342c79a1ddd47bc30c13164bec78367ebe30962c8976b539853b76d73"}, {"condition_id": "0xba9a25966e61386933732603c7eaa6a32290b5034f35b8c99a27127267e5ea2c", "id": "0x37520f6c63cd5689f8bfff4bb5598ab90aa5d110ffabf68f5bb810d0b4f2d14f_0x8c354d4cb555ce12fed0bfa500de0026019b5aee1a987d8b35a91d5c584a03b7", "outcome": "San Diego Padres", "price": 0.3399999857199992, "proxy_wallet": "0x6082a48d24942336799a0452280586f8311b3323", "side": "BUY", "size": 29.411763, "slug": "mlb-sd-chc-2026-06-29", "timestamp": "2026-06-30T03:15:07Z", "token_id": "85221114576935657054454439775859151930112521576648967139785454724793328061340", "transaction_hash": "0x37520f6c63cd5689f8bfff4bb5598ab90aa5d110ffabf68f5bb810d0b4f2d14f"}, {"condition_id": "0xba9a25966e61386933732603c7eaa6a32290b5034f35b8c99a27127267e5ea2c", "id": "0x2c5028f111531e0ee35a72bb1fd58f69fbfe6f52e00c063c65a271f2f3b53b87_0x88bcc9c28f69ef50c01fd9436eca9273dfe2908d71dbc3e2ccb6f85bf2a387f5", "outcome": "San Diego Padres", "price": 0.48999998039999687, "proxy_wallet": "0x6082a48d24942336799a0452280586f8311b3323", "side": "BUY", "size": 10.20408, "slug": "mlb-sd-chc-2026-06-29", "timestamp": "2026-06-30T02:34:32Z", "token_id": "85221114576935657054454439775859151930112521576648967139785454724793328061340", "transaction_hash": "0x2c5028f111531e0ee35a72bb1fd58f69fbfe6f52e00c063c65a271f2f3b53b87"}, {"condition_id": "0xba9a25966e61386933732603c7eaa6a32290b5034f35b8c99a27127267e5ea2c", "id": "0xb4c0178979875012c433049d51a3a070230caafe91d7289a7e4cd88ac626846b_0xe9b450e7011c2b3ec356e9c510171f69f11ac156c8b984175bdadb5280c85325", "outcome": "San Diego Padres", "price": 0.5499999955999999, "proxy_wallet": "0x6082a48d24942336799a0452280586f8311b3323", "side": "BUY", "size": 45.454544, "slug": "mlb-sd-chc-2026-06-29", "timestamp": "2026-06-30T02:32:19Z", "token_id": "85221114576935657054454439775859151930112521576648967139785454724793328061340", "transaction_hash": "0xb4c0178979875012c433049d51a3a070230caafe91d7289a7e4cd88ac626846b"}, {"condition_id": "0xcc5ac79e75113d325de33982adb585b9c1a19575186d2570a09f6070cb1f0a72", "id": "0xeda28e19e5b368e3cf9e1c3d6eda277ea072528e2fa6cec6519f183af3e4ca26_0x75532fa3360ed107688279b7095e9f8443280308f147e8ed722ff624df1c03c0", "outcome": "Cincinnati Reds", "price": 0.06999998739999976, "proxy_wallet": "0x6082a48d24942336799a0452280586f8311b3323", "side": "BUY", "size": 71.42857, "slug": "mlb-cin-mil-2026-06-29", "timestamp": "2026-06-30T02:26:23Z", "token_id": "96175966336953072916508331113276966980346010327302143663710388861225657980288", "transaction_hash": "0xeda28e19e5b368e3cf9e1c3d6eda277ea072528e2fa6cec6519f183af3e4ca26"}, {"condition_id": "0xcc5ac79e75113d325de33982adb585b9c1a19575186d2570a09f6070cb1f0a72", "id": "0x8cf1fadd4df6a83cfd9820024ed0dfe67ebeabd7b45fd9437591abf7c6f7aeeb_0xfd71c23bb714ee4506fb20e1726dd77eea0a190703fa1d73cacf9439c9955487", "outcome": "Cincinnati Reds", "price": 0.5599999775999963, "proxy_wallet": "0x6082a48d24942336799a0452280586f8311b3323", "side": "BUY", "size": 8.92857, "slug": "mlb-cin-mil-2026-06-29", "timestamp": "2026-06-30T01:55:31Z", "token_id": "96175966336953072916508331113276966980346010327302143663710388861225657980288", "transaction_hash": "0x8cf1fadd4df6a83cfd9820024ed0dfe67ebeabd7b45fd9437591abf7c6f7aeeb"}, {"condition_id": "0xeced37a42da367a843d417a5bb7e5c985c6304f5f0c4f2451d1a021ce4e6e30b", "id": "0x206f70b8fec2fbab11f2f8bd40f93141e0bbff064157c3ebc4d0fbdd1fa4f4b2_0x885f89fb5467102f6bd9471e113c3db0bcb87e0a69a2f30cfe30b274289d50db", "outcome": "Toronto Blue Jays", "price": 0.8699999965199998, "proxy_wallet": "0x6082a48d24942336799a0452280586f8311b3323", "side": "BUY", "size": 28.73563, "slug": "mlb-nym-tor-2026-06-29", "timestamp": "2026-06-30T00:34:25Z", "token_id": "2744815920128612010520521838554772223711126255942289520186241596951137792397", "transaction_hash": "0x206f70b8fec2fbab11f2f8bd40f93141e0bbff064157c3ebc4d0fbdd1fa4f4b2"}, {"condition_id": "0x14fad2a17d62f79aa7a253406860ef8b36129e195166dfe59a02529fbadc773b", "id": "0xf88a7090070e37d966c420e0a93692fbcb083c5e0dbcb0180fa3a60a8ab60625_0x2f7ddf9221422bf01fa94c39ae157e5e2a414a4e5303bbd61024459bb663600d", "outcome": "Toronto Blue Jays", "price": 0.29045454545454547, "proxy_wallet": "0x6082a48d24942336799a0452280586f8311b3323", "side": "SELL", "size": 220, "slug": "mlb-tor-chc-2026-06-21", "timestamp": "2026-06-29T23:38:05Z", "token_id": "76411050114818173622082591399147308552927640081052157232695534490267968760333", "transaction_hash": "0xf88a7090070e37d966c420e0a93692fbcb083c5e0dbcb0180fa3a60a8ab60625"}, {"condition_id": "0x76bb05cfbf31eb30dcc20b5ee6aef61f472a774d4a11818a82fc89e9ef2a691f", "id": "0x5191935cf1338808ac779f71f9e6e47970f67451bb804d46bf096b2d67933ac4_0xf599697c64ce4610cdc7d0f51e927b2fd3f200f9e0ff4ec50df6dffe13c800c2", "outcome": "Boston Red Sox", "price": 0.9990000000000001, "proxy_wallet": "0x6082a48d24942336799a0452280586f8311b3323", "side": "SELL", "size": 4339.2, "slug": "mlb-nyy-bos-2026-06-28", "timestamp": "2026-06-29T02:26:41Z", "token_id": "89451082379770995013679424679473366009449596250276620316464515660881048428209", "transaction_hash": "0x5191935cf1338808ac779f71f9e6e47970f67451bb804d46bf096b2d67933ac4"}, {"condition_id": "0x76bb05cfbf31eb30dcc20b5ee6aef61f472a774d4a11818a82fc89e9ef2a691f", "id": "0x566314793f8e3493c4c1b347491556c85cc78a326ad6611b87133c18b11ee6cf_0x8e4cd7438f6bffd6317d4d416df82e6652c25b980c6d28205cf597e6bec44132", "outcome": "New York Yankees", "price": 0.23, "proxy_wallet": "0x6082a48d24942336799a0452280586f8311b3323", "side": "SELL", "size": 131.57, "slug": "mlb-nyy-bos-2026-06-28", "timestamp": "2026-06-29T01:47:14Z", "token_id": "59749068478435971583317050468576558717723849871764293139383646404281671713220", "transaction_hash": "0x566314793f8e3493c4c1b347491556c85cc78a326ad6611b87133c18b11ee6cf"}, {"condition_id": "0x76bb05cfbf31eb30dcc20b5ee6aef61f472a774d4a11818a82fc89e9ef2a691f", "id": "0x4ee649c1776d80cc06a115d5b8c29b21e808eb72980eb9557d82ac0cd16b5581_0xb447c3599328cb8914a1532f145cd1b717d20a0fbecebbc0cd31f9f95cb56264", "outcome": "Boston Red Sox", "price": 0.9054780426339761, "proxy_wallet": "0x6082a48d24942336799a0452280586f8311b3323", "side": "BUY", "size": 1656.583511, "slug": "mlb-nyy-bos-2026-06-28", "timestamp": "2026-06-29T01:13:53Z", "token_id": "89451082379770995013679424679473366009449596250276620316464515660881048428209", "transaction_hash": "0x4ee649c1776d80cc06a115d5b8c29b21e808eb72980eb9557d82ac0cd16b5581"}, {"condition_id": "0x76bb05cfbf31eb30dcc20b5ee6aef61f472a774d4a11818a82fc89e9ef2a691f", "id": "0xe51e34aa7dc84be7f11874642be40518b65d0e1c624f7a7a64081125b7973ca1_0xad5aa4d4f89dc70941a1f49abd92c79b703d6f4545033860600919cb18f2978f", "outcome": "Boston Red Sox", "price": 0.9137314267395308, "proxy_wallet": "0x6082a48d24942336799a0452280586f8311b3323", "side": "BUY", "size": 2682.62, "slug": "mlb-nyy-bos-2026-06-28", "timestamp": "2026-06-29T01:13:13Z", "token_id": "89451082379770995013679424679473366009449596250276620316464515660881048428209", "transaction_hash": "0xe51e34aa7dc84be7f11874642be40518b65d0e1c624f7a7a64081125b7973ca1"}, {"condition_id": "0x76bb05cfbf31eb30dcc20b5ee6aef61f472a774d4a11818a82fc89e9ef2a691f", "id": "0x9f8aecab6baeb0ac64d89e94b86c808dd81a3e2ab3384464e0be3929068b141d_0x41461d14139654ff6d2bca57a45aee91beec60dd2687733905580346a79bee5c", "outcome": "New York Yankees", "price": 0.18999999437599993, "proxy_wallet": "0x6082a48d24942336799a0452280586f8311b3323", "side": "BUY", "size": 131.578946, "slug": "mlb-nyy-bos-2026-06-28", "timestamp": "2026-06-29T00:46:28Z", "token_id": "59749068478435971583317050468576558717723849871764293139383646404281671713220", "transaction_hash": "0x9f8aecab6baeb0ac64d89e94b86c808dd81a3e2ab3384464e0be3929068b141d"}, {"condition_id": "0xb3d6f987b056ba304a306fda19638b5ad102436bfdcdccab666031088af0e292", "id": "0x607fd6afe712f71f71e900ba1e97ffa525378d33c697e1b8fbb6efcafe1ef63a_0x71777d6b3af65828b3d655d3d2a042492a79415654f1132bf40621cf44018a91", "outcome": "Philadelphia Phillies", "price": 0.9989999999999999, "proxy_wallet": "0x6082a48d24942336799a0452280586f8311b3323", "side": "SELL", "size": 3761.26, "slug": "mlb-phi-nym-2026-06-26", "timestamp": "2026-06-27T01:33:29Z", "token_id": "41014224160216211887394969103692440964481540706598700435763171061554654546656", "transaction_hash": "0x607fd6afe712f71f71e900ba1e97ffa525378d33c697e1b8fbb6efcafe1ef63a"}, {"condition_id": "0xb3d6f987b056ba304a306fda19638b5ad102436bfdcdccab666031088af0e292", "id": "0xdff51ad0c0749ee3cec8806ae4613ba3bc407f8781d0df5a46b93dc26a7d5592_0x061fbc7f3670357e3a86897ea621ce24f30b34b2e6f6ba0be04a40aea364ba10", "outcome": "Philadelphia Phillies", "price": 0.8383789940239413, "proxy_wallet": "0x6082a48d24942336799a0452280586f8311b3323", "side": "BUY", "size": 3578.333927, "slug": "mlb-phi-nym-2026-06-26", "timestamp": "2026-06-27T01:19:11Z", "token_id": "41014224160216211887394969103692440964481540706598700435763171061554654546656", "transaction_hash": "0xdff51ad0c0749ee3cec8806ae4613ba3bc407f8781d0df5a46b93dc26a7d5592"}, {"condition_id": "0xb3d6f987b056ba304a306fda19638b5ad102436bfdcdccab666031088af0e292", "id": "0x58791654277906c4c2afb8d6950c801dd5472ce25d9d387d9baea7fccc110f81_0x48d34ea94854387a08ad2b8770d81db5079fb9066ef19735fe01a0a14ee7ea75", "outcome": "Philadelphia Phillies", "price": 0.8199999992346667, "proxy_wallet": "0x6082a48d24942336799a0452280586f8311b3323", "side": "BUY", "size": 182.926827, "slug": "mlb-phi-nym-2026-06-26", "timestamp": "2026-06-27T01:01:37Z", "token_id": "41014224160216211887394969103692440964481540706598700435763171061554654546656", "transaction_hash": "0x58791654277906c4c2afb8d6950c801dd5472ce25d9d387d9baea7fccc110f81"}], "polled_at": "2026-07-02T01:49:31.683250+00:00"}