{"wallet": "0x4d4f13a12d943faabc0d154fb2d546f649a9e5f3", "total_trades_90d": 200, "mlb_trades_count": 31, "mlb_condition_ids": ["0x3c656a9f361e5794a27aaf8e09aefd0df0132fe57d3cdd17cca6ae864152e600"], "mlb_trade_details": [{"condition_id": "0x3c656a9f361e5794a27aaf8e09aefd0df0132fe57d3cdd17cca6ae864152e600", "id": "0xdb00c7eb328b8de26ceacbda9e1ac9b1002d49cb2f70250355abc9d5a09fefb0_0x7205da68221f69642e8ce7d857aba6f000c4c524bcc78d7d008907b861849297", "outcome": "Texas Rangers", "price": 0.4199999997334426, "proxy_wallet": "0x4d4f13a12d943faabc0d154fb2d546f649a9e5f3", "side": "BUY", "size": 1800.738094, "slug": "mlb-tex-tor-2026-06-27", "timestamp": "2026-06-27T19:23:47Z", "token_id": "28998197830436515743978934238654990820282083327853031520801951383875958410884", "transaction_hash": "0xdb00c7eb328b8de26ceacbda9e1ac9b1002d49cb2f70250355abc9d5a09fefb0"}, {"condition_id": "0x3c656a9f361e5794a27aaf8e09aefd0df0132fe57d3cdd17cca6ae864152e600", "id": "0x6d3105730e9ebdd18651bbf136f110181005608c5a665f520ded36af36c63a44_0xa600bc606be156a9c331fa98544b12a4d073002244ad33381d638d608bf77bfe", "outcome": "Texas Rangers", "price": 0.34, "proxy_wallet": "0x4d4f13a12d943faabc0d154fb2d546f649a9e5f3", "side": "BUY", "size": 71.64, "slug": "mlb-tex-tor-2026-06-27", "timestamp": "2026-06-27T19:11:29Z", "token_id": "28998197830436515743978934238654990820282083327853031520801951383875958410884", "transaction_hash": "0x6d3105730e9ebdd18651bbf136f110181005608c5a665f520ded36af36c63a44"}, {"condition_id": "0x3c656a9f361e5794a27aaf8e09aefd0df0132fe57d3cdd17cca6ae864152e600", "id": "0x5bc43836beaea06f9d40046959aaed6c07fb1a927c273219a9235c1eaae4b15e_0xa600bc606be156a9c331fa98544b12a4d073002244ad33381d638d608bf77bfe", "outcome": "Texas Rangers", "price": 0.34, "proxy_wallet": "0x4d4f13a12d943faabc0d154fb2d546f649a9e5f3", "side": "BUY", "size": 25.82, "slug": "mlb-tex-tor-2026-06-27", "timestamp": "2026-06-27T19:11:29Z", "token_id": "28998197830436515743978934238654990820282083327853031520801951383875958410884", "transaction_hash": "0x5bc43836beaea06f9d40046959aaed6c07fb1a927c273219a9235c1eaae4b15e"}, {"condition_id": "0x3c656a9f361e5794a27aaf8e09aefd0df0132fe57d3cdd17cca6ae864152e600", "id": "0x7905de2116844151082bd9b617ccf57d26a1c2a486f6b858bbd8eb9ebea7a309_0xa600bc606be156a9c331fa98544b12a4d073002244ad33381d638d608bf77bfe", "outcome": "Texas Rangers", "price": 0.3400000905882673, "proxy_wallet": "0x4d4f13a12d943faabc0d154fb2d546f649a9e5f3", "side": "BUY", "size": 3.090908, "slug": "mlb-tex-tor-2026-06-27", "timestamp": "2026-06-27T19:11:28Z", "token_id": "28998197830436515743978934238654990820282083327853031520801951383875958410884", "transaction_hash": "0x7905de2116844151082bd9b617ccf57d26a1c2a486f6b858bbd8eb9ebea7a309"}, {"condition_id": "0x3c656a9f361e5794a27aaf8e09aefd0df0132fe57d3cdd17cca6ae864152e600", "id": "0x2232e7b3aaa7a3e593305700de742dfbfc54430b3dcc4828e6045dbf453a92f5_0xa600bc606be156a9c331fa98544b12a4d073002244ad33381d638d608bf77bfe", "outcome": "Texas Rangers", "price": 0.33999999999999997, "proxy_wallet": "0x4d4f13a12d943faabc0d154fb2d546f649a9e5f3", "side": "BUY", "size": 1159.7, "slug": "mlb-tex-tor-2026-06-27", "timestamp": "2026-06-27T19:11:28Z", "token_id": "28998197830436515743978934238654990820282083327853031520801951383875958410884", "transaction_hash": "0x2232e7b3aaa7a3e593305700de742dfbfc54430b3dcc4828e6045dbf453a92f5"}, {"condition_id": "0x3c656a9f361e5794a27aaf8e09aefd0df0132fe57d3cdd17cca6ae864152e600", "id": "0x31649b1c6d0fb5b8d094dabb5034e2e353f79584c2f9448afe99e74dbe72178a_0xa600bc606be156a9c331fa98544b12a4d073002244ad33381d638d608bf77bfe", "outcome": "Texas Rangers", "price": 0.33999999999999997, "proxy_wallet": "0x4d4f13a12d943faabc0d154fb2d546f649a9e5f3", "side": "BUY", "size": 579.1, "slug": "mlb-tex-tor-2026-06-27", "timestamp": "2026-06-27T19:11:28Z", "token_id": "28998197830436515743978934238654990820282083327853031520801951383875958410884", "transaction_hash": "0x31649b1c6d0fb5b8d094dabb5034e2e353f79584c2f9448afe99e74dbe72178a"}, {"condition_id": "0x3c656a9f361e5794a27aaf8e09aefd0df0132fe57d3cdd17cca6ae864152e600", "id": "0x3f55cd144704167c5b4a4224a1cb044b471c34fc94b3fb948c6fe04b90586d66_0xa600bc606be156a9c331fa98544b12a4d073002244ad33381d638d608bf77bfe", "outcome": "Texas Rangers", "price": 0.33850697054762224, "proxy_wallet": "0x4d4f13a12d943faabc0d154fb2d546f649a9e5f3", "side": "BUY", "size": 16055.41, "slug": "mlb-tex-tor-2026-06-27", "timestamp": "2026-06-27T19:11:28Z", "token_id": "28998197830436515743978934238654990820282083327853031520801951383875958410884", "transaction_hash": "0x3f55cd144704167c5b4a4224a1cb044b471c34fc94b3fb948c6fe04b90586d66"}, {"condition_id": "0x3c656a9f361e5794a27aaf8e09aefd0df0132fe57d3cdd17cca6ae864152e600", "id": "0x50fda0b0890790cc7ca944f9e4d26cb678d058f833da1093d3b727ae8a5359b0_0xa600bc606be156a9c331fa98544b12a4d073002244ad33381d638d608bf77bfe", "outcome": "Texas Rangers", "price": 0.34, "proxy_wallet": "0x4d4f13a12d943faabc0d154fb2d546f649a9e5f3", "side": "BUY", "size": 143.28, "slug": "mlb-tex-tor-2026-06-27", "timestamp": "2026-06-27T19:11:28Z", "token_id": "28998197830436515743978934238654990820282083327853031520801951383875958410884", "transaction_hash": "0x50fda0b0890790cc7ca944f9e4d26cb678d058f833da1093d3b727ae8a5359b0"}, {"condition_id": "0x3c656a9f361e5794a27aaf8e09aefd0df0132fe57d3cdd17cca6ae864152e600", "id": "0x2f72e8526fbdc36f39bd423f1ea5513d2f3d17acdf7b572473b7f0ac2201b722_0xa600bc606be156a9c331fa98544b12a4d073002244ad33381d638d608bf77bfe", "outcome": "Texas Rangers", "price": 0.33999999999999997, "proxy_wallet": "0x4d4f13a12d943faabc0d154fb2d546f649a9e5f3", "side": "BUY", "size": 288.05, "slug": "mlb-tex-tor-2026-06-27", "timestamp": "2026-06-27T19:11:28Z", "token_id": "28998197830436515743978934238654990820282083327853031520801951383875958410884", "transaction_hash": "0x2f72e8526fbdc36f39bd423f1ea5513d2f3d17acdf7b572473b7f0ac2201b722"}, {"condition_id": "0x3c656a9f361e5794a27aaf8e09aefd0df0132fe57d3cdd17cca6ae864152e600", "id": "0xa25a227532450596b7061bc25ae1cdb24c3b220aa41a004719d20c9bcd57b6df_0xb01107849dd5b45059ed0fc1f4bcf50ae24454fd26b6eeb678d80545bd881791", "outcome": "Texas Rangers", "price": 0.35999999999999993, "proxy_wallet": "0x4d4f13a12d943faabc0d154fb2d546f649a9e5f3", "side": "BUY", "size": 31.92, "slug": "mlb-tex-tor-2026-06-27", "timestamp": "2026-06-27T19:10:10Z", "token_id": "28998197830436515743978934238654990820282083327853031520801951383875958410884", "transaction_hash": "0xa25a227532450596b7061bc25ae1cdb24c3b220aa41a004719d20c9bcd57b6df"}, {"condition_id": "0x3c656a9f361e5794a27aaf8e09aefd0df0132fe57d3cdd17cca6ae864152e600", "id": "0x2ff3bc5c6be0d3dd7edc41c33c280be0e565815918a98b3cd2feda2ed5de445a_0xb01107849dd5b45059ed0fc1f4bcf50ae24454fd26b6eeb678d80545bd881791", "outcome": "Texas Rangers", "price": 0.36, "proxy_wallet": "0x4d4f13a12d943faabc0d154fb2d546f649a9e5f3", "side": "BUY", "size": 50751.61, "slug": "mlb-tex-tor-2026-06-27", "timestamp": "2026-06-27T19:10:10Z", "token_id": "28998197830436515743978934238654990820282083327853031520801951383875958410884", "transaction_hash": "0x2ff3bc5c6be0d3dd7edc41c33c280be0e565815918a98b3cd2feda2ed5de445a"}, {"condition_id": "0x3c656a9f361e5794a27aaf8e09aefd0df0132fe57d3cdd17cca6ae864152e600", "id": "0xed3dc7c2f129f5c411bcf4147d7d316e6a5142c8c1e839d9aa816f20fc2dea37_0xb01107849dd5b45059ed0fc1f4bcf50ae24454fd26b6eeb678d80545bd881791", "outcome": "Texas Rangers", "price": 0.36, "proxy_wallet": "0x4d4f13a12d943faabc0d154fb2d546f649a9e5f3", "side": "BUY", "size": 6.125, "slug": "mlb-tex-tor-2026-06-27", "timestamp": "2026-06-27T19:10:05Z", "token_id": "28998197830436515743978934238654990820282083327853031520801951383875958410884", "transaction_hash": "0xed3dc7c2f129f5c411bcf4147d7d316e6a5142c8c1e839d9aa816f20fc2dea37"}, {"condition_id": "0x3c656a9f361e5794a27aaf8e09aefd0df0132fe57d3cdd17cca6ae864152e600", "id": "0x7ad538a712a35d46da9f06c7cf0f7f2cc4994fbead0c7ee79eca66c6e70b9077_0xb01107849dd5b45059ed0fc1f4bcf50ae24454fd26b6eeb678d80545bd881791", "outcome": "Texas Rangers", "price": 0.36, "proxy_wallet": "0x4d4f13a12d943faabc0d154fb2d546f649a9e5f3", "side": "BUY", "size": 5, "slug": "mlb-tex-tor-2026-06-27", "timestamp": "2026-06-27T19:10:05Z", "token_id": "28998197830436515743978934238654990820282083327853031520801951383875958410884", "transaction_hash": "0x7ad538a712a35d46da9f06c7cf0f7f2cc4994fbead0c7ee79eca66c6e70b9077"}, {"condition_id": "0x3c656a9f361e5794a27aaf8e09aefd0df0132fe57d3cdd17cca6ae864152e600", "id": "0xd496c408bd7abfd3e005c547ac65cefb96a65ecbfbad9895308d4dfa178a1a84_0xb01107849dd5b45059ed0fc1f4bcf50ae24454fd26b6eeb678d80545bd881791", "outcome": "Texas Rangers", "price": 0.36, "proxy_wallet": "0x4d4f13a12d943faabc0d154fb2d546f649a9e5f3", "side": "BUY", "size": 3.125, "slug": "mlb-tex-tor-2026-06-27", "timestamp": "2026-06-27T19:10:05Z", "token_id": "28998197830436515743978934238654990820282083327853031520801951383875958410884", "transaction_hash": "0xd496c408bd7abfd3e005c547ac65cefb96a65ecbfbad9895308d4dfa178a1a84"}, {"condition_id": "0x3c656a9f361e5794a27aaf8e09aefd0df0132fe57d3cdd17cca6ae864152e600", "id": "0x1d44d9361b76a80602bfb5f27eba2df0825523535eb98485f55a6d64ca87b0cd_0xb01107849dd5b45059ed0fc1f4bcf50ae24454fd26b6eeb678d80545bd881791", "outcome": "Texas Rangers", "price": 0.36, "proxy_wallet": "0x4d4f13a12d943faabc0d154fb2d546f649a9e5f3", "side": "BUY", "size": 1004.953125, "slug": "mlb-tex-tor-2026-06-27", "timestamp": "2026-06-27T19:10:05Z", "token_id": "28998197830436515743978934238654990820282083327853031520801951383875958410884", "transaction_hash": "0x1d44d9361b76a80602bfb5f27eba2df0825523535eb98485f55a6d64ca87b0cd"}, {"condition_id": "0x3c656a9f361e5794a27aaf8e09aefd0df0132fe57d3cdd17cca6ae864152e600", "id": "0x1335edbec70d1079bbb40535f4829d8a7e983191a6937e70f3ceab79314a7639_0xb01107849dd5b45059ed0fc1f4bcf50ae24454fd26b6eeb678d80545bd881791", "outcome": "Texas Rangers", "price": 0.36, "proxy_wallet": "0x4d4f13a12d943faabc0d154fb2d546f649a9e5f3", "side": "BUY", "size": 7.81, "slug": "mlb-tex-tor-2026-06-27", "timestamp": "2026-06-27T19:10:05Z", "token_id": "28998197830436515743978934238654990820282083327853031520801951383875958410884", "transaction_hash": "0x1335edbec70d1079bbb40535f4829d8a7e983191a6937e70f3ceab79314a7639"}, {"condition_id": "0x3c656a9f361e5794a27aaf8e09aefd0df0132fe57d3cdd17cca6ae864152e600", "id": "0xaf50191024bedcbf7e6981aa5a22ec62c59e619d6ddcb45e8100980f866f89c4_0xb01107849dd5b45059ed0fc1f4bcf50ae24454fd26b6eeb678d80545bd881791", "outcome": "Texas Rangers", "price": 0.36, "proxy_wallet": "0x4d4f13a12d943faabc0d154fb2d546f649a9e5f3", "side": "BUY", "size": 180, "slug": "mlb-tex-tor-2026-06-27", "timestamp": "2026-06-27T19:10:04Z", "token_id": "28998197830436515743978934238654990820282083327853031520801951383875958410884", "transaction_hash": "0xaf50191024bedcbf7e6981aa5a22ec62c59e619d6ddcb45e8100980f866f89c4"}, {"condition_id": "0x3c656a9f361e5794a27aaf8e09aefd0df0132fe57d3cdd17cca6ae864152e600", "id": "0xb080415e8b28a9fc20f357aa7aeaf736f2e5c76834361309adcc36855bbd2539_0xe51afcb1bc47a0408aeb6641a76dce4854ae58c93c357ac7b48f67f268f69ac3", "outcome": "Texas Rangers", "price": 0.37, "proxy_wallet": "0x4d4f13a12d943faabc0d154fb2d546f649a9e5f3", "side": "BUY", "size": 728, "slug": "mlb-tex-tor-2026-06-27", "timestamp": "2026-06-27T19:09:56Z", "token_id": "28998197830436515743978934238654990820282083327853031520801951383875958410884", "transaction_hash": "0xb080415e8b28a9fc20f357aa7aeaf736f2e5c76834361309adcc36855bbd2539"}, {"condition_id": "0x3c656a9f361e5794a27aaf8e09aefd0df0132fe57d3cdd17cca6ae864152e600", "id": "0x90dfe7eca8168203cf1b5fc5a3b1564098b67d21c9958a6c266c31cc734a2526_0xe51afcb1bc47a0408aeb6641a76dce4854ae58c93c357ac7b48f67f268f69ac3", "outcome": "Texas Rangers", "price": 0.37, "proxy_wallet": "0x4d4f13a12d943faabc0d154fb2d546f649a9e5f3", "side": "BUY", "size": 42809.13, "slug": "mlb-tex-tor-2026-06-27", "timestamp": "2026-06-27T19:09:56Z", "token_id": "28998197830436515743978934238654990820282083327853031520801951383875958410884", "transaction_hash": "0x90dfe7eca8168203cf1b5fc5a3b1564098b67d21c9958a6c266c31cc734a2526"}, {"condition_id": "0x3c656a9f361e5794a27aaf8e09aefd0df0132fe57d3cdd17cca6ae864152e600", "id": "0x926e9f19e42a706679dbd2e79fd6159cb9bbe702573d45f57e177d9b6e7075fc_0xe51afcb1bc47a0408aeb6641a76dce4854ae58c93c357ac7b48f67f268f69ac3", "outcome": "Texas Rangers", "price": 0.3700000819000303, "proxy_wallet": "0x4d4f13a12d943faabc0d154fb2d546f649a9e5f3", "side": "BUY", "size": 3.174602, "slug": "mlb-tex-tor-2026-06-27", "timestamp": "2026-06-27T19:09:56Z", "token_id": "28998197830436515743978934238654990820282083327853031520801951383875958410884", "transaction_hash": "0x926e9f19e42a706679dbd2e79fd6159cb9bbe702573d45f57e177d9b6e7075fc"}, {"condition_id": "0x3c656a9f361e5794a27aaf8e09aefd0df0132fe57d3cdd17cca6ae864152e600", "id": "0x27864cd3c099ffc204e2d8efc5275b8adc1fc5126a24c2e40927f8111a2fef3f_0xe51afcb1bc47a0408aeb6641a76dce4854ae58c93c357ac7b48f67f268f69ac3", "outcome": "Texas Rangers", "price": 0.37, "proxy_wallet": "0x4d4f13a12d943faabc0d154fb2d546f649a9e5f3", "side": "BUY", "size": 1.81, "slug": "mlb-tex-tor-2026-06-27", "timestamp": "2026-06-27T19:09:56Z", "token_id": "28998197830436515743978934238654990820282083327853031520801951383875958410884", "transaction_hash": "0x27864cd3c099ffc204e2d8efc5275b8adc1fc5126a24c2e40927f8111a2fef3f"}, {"condition_id": "0x3c656a9f361e5794a27aaf8e09aefd0df0132fe57d3cdd17cca6ae864152e600", "id": "0xc08df74758307ac4446ba272d8ebe6d861be144a6193a5b1c24fe427e1045b80_0xe51afcb1bc47a0408aeb6641a76dce4854ae58c93c357ac7b48f67f268f69ac3", "outcome": "Texas Rangers", "price": 0.370000018900007, "proxy_wallet": "0x4d4f13a12d943faabc0d154fb2d546f649a9e5f3", "side": "BUY", "size": 7.936505, "slug": "mlb-tex-tor-2026-06-27", "timestamp": "2026-06-27T19:09:56Z", "token_id": "28998197830436515743978934238654990820282083327853031520801951383875958410884", "transaction_hash": "0xc08df74758307ac4446ba272d8ebe6d861be144a6193a5b1c24fe427e1045b80"}, {"condition_id": "0x3c656a9f361e5794a27aaf8e09aefd0df0132fe57d3cdd17cca6ae864152e600", "id": "0x668b9ffda13c0c71f21887b565ecf9b3fcacef03b0f4b23d45be4ab183fcd32b_0xe51afcb1bc47a0408aeb6641a76dce4854ae58c93c357ac7b48f67f268f69ac3", "outcome": "Texas Rangers", "price": 0.37, "proxy_wallet": "0x4d4f13a12d943faabc0d154fb2d546f649a9e5f3", "side": "BUY", "size": 740, "slug": "mlb-tex-tor-2026-06-27", "timestamp": "2026-06-27T19:09:56Z", "token_id": "28998197830436515743978934238654990820282083327853031520801951383875958410884", "transaction_hash": "0x668b9ffda13c0c71f21887b565ecf9b3fcacef03b0f4b23d45be4ab183fcd32b"}, {"condition_id": "0x3c656a9f361e5794a27aaf8e09aefd0df0132fe57d3cdd17cca6ae864152e600", "id": "0x7eeb148c63b50b17cb92c2a8b4327dce5973fc85fa357e64de1ee7d732e3750c_0xe51afcb1bc47a0408aeb6641a76dce4854ae58c93c357ac7b48f67f268f69ac3", "outcome": "Texas Rangers", "price": 0.37, "proxy_wallet": "0x4d4f13a12d943faabc0d154fb2d546f649a9e5f3", "side": "BUY", "size": 849, "slug": "mlb-tex-tor-2026-06-27", "timestamp": "2026-06-27T19:09:55Z", "token_id": "28998197830436515743978934238654990820282083327853031520801951383875958410884", "transaction_hash": "0x7eeb148c63b50b17cb92c2a8b4327dce5973fc85fa357e64de1ee7d732e3750c"}, {"condition_id": "0x3c656a9f361e5794a27aaf8e09aefd0df0132fe57d3cdd17cca6ae864152e600", "id": "0xe19e50d52bcc3696d405e2de02b733520db31f06784968ab1387f92f9908801f_0xe51afcb1bc47a0408aeb6641a76dce4854ae58c93c357ac7b48f67f268f69ac3", "outcome": "Texas Rangers", "price": 0.3700000819000303, "proxy_wallet": "0x4d4f13a12d943faabc0d154fb2d546f649a9e5f3", "side": "BUY", "size": 3.174602, "slug": "mlb-tex-tor-2026-06-27", "timestamp": "2026-06-27T19:09:55Z", "token_id": "28998197830436515743978934238654990820282083327853031520801951383875958410884", "transaction_hash": "0xe19e50d52bcc3696d405e2de02b733520db31f06784968ab1387f92f9908801f"}, {"condition_id": "0x3c656a9f361e5794a27aaf8e09aefd0df0132fe57d3cdd17cca6ae864152e600", "id": "0x1f7d6a33f7079345468181bbbc36605d0cda23cf57b9599bf962349ae9916007_0x97a9cdfaac60ee87f276a7209ed0d2b1e41a5b2d8bc68d981271d7c21945d122", "outcome": "Texas Rangers", "price": 0.36000000000000004, "proxy_wallet": "0x4d4f13a12d943faabc0d154fb2d546f649a9e5f3", "side": "BUY", "size": 12, "slug": "mlb-tex-tor-2026-06-27", "timestamp": "2026-06-27T19:08:17Z", "token_id": "28998197830436515743978934238654990820282083327853031520801951383875958410884", "transaction_hash": "0x1f7d6a33f7079345468181bbbc36605d0cda23cf57b9599bf962349ae9916007"}, {"condition_id": "0x3c656a9f361e5794a27aaf8e09aefd0df0132fe57d3cdd17cca6ae864152e600", "id": "0xf1148c54f5ac330bc8ac9ac9a3dcb9ce13432c04a7b918c3c734ea1de4583075_0x97a9cdfaac60ee87f276a7209ed0d2b1e41a5b2d8bc68d981271d7c21945d122", "outcome": "Texas Rangers", "price": 0.36, "proxy_wallet": "0x4d4f13a12d943faabc0d154fb2d546f649a9e5f3", "side": "BUY", "size": 1.5625, "slug": "mlb-tex-tor-2026-06-27", "timestamp": "2026-06-27T19:08:17Z", "token_id": "28998197830436515743978934238654990820282083327853031520801951383875958410884", "transaction_hash": "0xf1148c54f5ac330bc8ac9ac9a3dcb9ce13432c04a7b918c3c734ea1de4583075"}, {"condition_id": "0x3c656a9f361e5794a27aaf8e09aefd0df0132fe57d3cdd17cca6ae864152e600", "id": "0x8e0d366c88a72e8c58a05e603b56617b32740336922936a27f1f20d8965b744b_0x97a9cdfaac60ee87f276a7209ed0d2b1e41a5b2d8bc68d981271d7c21945d122", "outcome": "Texas Rangers", "price": 0.36, "proxy_wallet": "0x4d4f13a12d943faabc0d154fb2d546f649a9e5f3", "side": "BUY", "size": 15.609375, "slug": "mlb-tex-tor-2026-06-27", "timestamp": "2026-06-27T19:07:55Z", "token_id": "28998197830436515743978934238654990820282083327853031520801951383875958410884", "transaction_hash": "0x8e0d366c88a72e8c58a05e603b56617b32740336922936a27f1f20d8965b744b"}, {"condition_id": "0x3c656a9f361e5794a27aaf8e09aefd0df0132fe57d3cdd17cca6ae864152e600", "id": "0x8cfc611f34cfa47a86ab39c1c9b64dce918edf5fa8b284a5f3367ad7e1d45ecd_0x97a9cdfaac60ee87f276a7209ed0d2b1e41a5b2d8bc68d981271d7c21945d122", "outcome": "Texas Rangers", "price": 0.36, "proxy_wallet": "0x4d4f13a12d943faabc0d154fb2d546f649a9e5f3", "side": "BUY", "size": 5, "slug": "mlb-tex-tor-2026-06-27", "timestamp": "2026-06-27T19:07:52Z", "token_id": "28998197830436515743978934238654990820282083327853031520801951383875958410884", "transaction_hash": "0x8cfc611f34cfa47a86ab39c1c9b64dce918edf5fa8b284a5f3367ad7e1d45ecd"}, {"condition_id": "0x3c656a9f361e5794a27aaf8e09aefd0df0132fe57d3cdd17cca6ae864152e600", "id": "0x6592d6079ae8b593c39da3a0326bc27ee268d525bd1f1938808d09f6917914a1_0x97a9cdfaac60ee87f276a7209ed0d2b1e41a5b2d8bc68d981271d7c21945d122", "outcome": "Texas Rangers", "price": 0.36, "proxy_wallet": "0x4d4f13a12d943faabc0d154fb2d546f649a9e5f3", "side": "BUY", "size": 2.015625, "slug": "mlb-tex-tor-2026-06-27", "timestamp": "2026-06-27T19:07:52Z", "token_id": "28998197830436515743978934238654990820282083327853031520801951383875958410884", "transaction_hash": "0x6592d6079ae8b593c39da3a0326bc27ee268d525bd1f1938808d09f6917914a1"}, {"condition_id": "0x3c656a9f361e5794a27aaf8e09aefd0df0132fe57d3cdd17cca6ae864152e600", "id": "0x5da58af488070d70bc24a7ef07af3ba0c118961f76d5b3002ed73b99e0d63a57_0x97a9cdfaac60ee87f276a7209ed0d2b1e41a5b2d8bc68d981271d7c21945d122", "outcome": "Texas Rangers", "price": 0.36, "proxy_wallet": "0x4d4f13a12d943faabc0d154fb2d546f649a9e5f3", "side": "BUY", "size": 6347.79, "slug": "mlb-tex-tor-2026-06-27", "timestamp": "2026-06-27T19:07:49Z", "token_id": "28998197830436515743978934238654990820282083327853031520801951383875958410884", "transaction_hash": "0x5da58af488070d70bc24a7ef07af3ba0c118961f76d5b3002ed73b99e0d63a57"}], "polled_at": "2026-07-02T01:49:24.910220+00:00"}