{"wallet": "0x09b540739cfa17ba6b61f4351000583cd6397e72", "total_trades_90d": 30, "mlb_trades_count": 28, "mlb_condition_ids": ["0x02a7e87d80dab860a4198c289baec8ee5052fad5b7a5a453c5544b5d8992b64e", "0x2c955cc513c1f2df077380456ce23cd628f18cdb843802553864346324917b60", "0x31217f3c57241ea9562f250c799d6f3d394660cfe0f492ee8e9c87935591d295", "0x5d57371510134a140e75dd11eb6f7f41e7fac286772a338ae0d13f2c65be9dc1", "0x65ea54fcd5747b326c31912e6e67ec846ec28e49dc66c5cc15b772ed346e3dd2", "0x734373e272d3dfb3a121b1144073fbe369494f221d8800095f0bf51412e2ffd0", "0x7c833eefc934a40e3b1d964b257c85bccd4c176ff77059975fdc103d60fce265", "0x80a3bce767b871e3e9fc7d088f671cf8977818231c22bebecb82da08c5da045d", "0x8249e710309a8b921adfd8cc48e4358ffcce41a9c6cb6260f316c76df4ec8b00", "0x85d69574cd4810096cd407aa82422f534648399a8032fb198d62f15980954099", "0x8ec11c542abad626523247adb33c9a26eb8cf174896cef44f1df9e128e99a5d7", "0xffcc16466bec36ad1a0d27106b53eaf338b4013c40fa6fdf446819e14318141d"], "mlb_trade_details": [{"condition_id": "0xffcc16466bec36ad1a0d27106b53eaf338b4013c40fa6fdf446819e14318141d", "id": "0x9cd190328377d2aa01f36c6c87e8bfe1e8b7017b7ab15ecd56d1902251a62669_0xe05865026af2abf7d893b00519fb05e4f8e3601af5ae0673f943a3719a4b34f9", "outcome": "Milwaukee Brewers", "price": 0.6, "proxy_wallet": "0x09b540739cfa17ba6b61f4351000583cd6397e72", "side": "BUY", "size": 10, "slug": "mlb-cin-mil-2026-07-01", "timestamp": "2026-07-01T18:11:44Z", "token_id": "19711007897046031044579594275312405944771254350980802153302868685653200183646", "transaction_hash": "0x9cd190328377d2aa01f36c6c87e8bfe1e8b7017b7ab15ecd56d1902251a62669"}, {"condition_id": "0x31217f3c57241ea9562f250c799d6f3d394660cfe0f492ee8e9c87935591d295", "id": "0x3c7c25e2c8b1e3f06bdc496c60b2b34a2150ee5cf97530c773250677698b13ef_0xc68662a3d5bdbbc0fabf587137ea07225bbc3698ebf635c8a6ccad76b72297ef", "outcome": "Under", "price": 0.48999999999575305, "proxy_wallet": "0x09b540739cfa17ba6b61f4351000583cd6397e72", "side": "BUY", "size": 82412.040815, "slug": "mlb-wsh-bos-2026-07-01-total-9pt5", "timestamp": "2026-07-01T16:15:50Z", "token_id": "107529903431823680939285662126299687609785261513610442919477389668149037579657", "transaction_hash": "0x3c7c25e2c8b1e3f06bdc496c60b2b34a2150ee5cf97530c773250677698b13ef"}, {"condition_id": "0x65ea54fcd5747b326c31912e6e67ec846ec28e49dc66c5cc15b772ed346e3dd2", "id": "0x6e9e848ae1ef409675d3d20cb86c2438d974fb337e6d23dbaed51746d1f2b713_0x059ffc4bb29d5e4b9632d530864c8b4e5e11dede3bccfe49d57ef4773e47b631", "outcome": "Milwaukee Brewers", "price": 0.5299999998045591, "proxy_wallet": "0x09b540739cfa17ba6b61f4351000583cd6397e72", "side": "BUY", "size": 562.830187, "slug": "mlb-cin-mil-2026-06-30", "timestamp": "2026-06-30T23:45:37Z", "token_id": "59296048627843251603519314423166917008144064031573628712344818457920901062269", "transaction_hash": "0x6e9e848ae1ef409675d3d20cb86c2438d974fb337e6d23dbaed51746d1f2b713"}, {"condition_id": "0x65ea54fcd5747b326c31912e6e67ec846ec28e49dc66c5cc15b772ed346e3dd2", "id": "0xa9ac1e88cfdef67c22e01b93bdfedbd4a6e056b57868b300eea2d517ff047450_0xe80a6d44bc8b2faed244ae41436f09186a5abfb632695271189012a125c1f7ab", "outcome": "Cincinnati Reds", "price": 0.3899999999092607, "proxy_wallet": "0x09b540739cfa17ba6b61f4351000583cd6397e72", "side": "BUY", "size": 4077.615383, "slug": "mlb-cin-mil-2026-06-30", "timestamp": "2026-06-30T23:34:58Z", "token_id": "78672137410897560866927858357486380047830911804953251505385801419569556312929", "transaction_hash": "0xa9ac1e88cfdef67c22e01b93bdfedbd4a6e056b57868b300eea2d517ff047450"}, {"condition_id": "0x8ec11c542abad626523247adb33c9a26eb8cf174896cef44f1df9e128e99a5d7", "id": "0x82bffae882b36b72902a322b6c04699bce8616a81a66df8edc14b4d756bb5902_0x87d5c797cd9a448e18b61cfab383482db246446a3d4d4c3296ac9ed7bd424984", "outcome": "Boston Red Sox", "price": 0.56, "proxy_wallet": "0x09b540739cfa17ba6b61f4351000583cd6397e72", "side": "BUY", "size": 39459.34, "slug": "mlb-wsh-bos-2026-06-30", "timestamp": "2026-06-30T23:08:08Z", "token_id": "20620941703667145218745148229358423017440125923917127386687992549965432078936", "transaction_hash": "0x82bffae882b36b72902a322b6c04699bce8616a81a66df8edc14b4d756bb5902"}, {"condition_id": "0x5d57371510134a140e75dd11eb6f7f41e7fac286772a338ae0d13f2c65be9dc1", "id": "0xd8aaadcd51df4fe838c0ebc19a40abe7e71202b1078709b506dde3ef43a759e7_0x1e1abd0ffe47a36a6979ba251899a8ff3ab9d0f8574b1739a762fee85eb2e978", "outcome": "Detroit Tigers", "price": 0.4959999998021473, "proxy_wallet": "0x09b540739cfa17ba6b61f4351000583cd6397e72", "side": "BUY", "size": 606.512095, "slug": "mlb-det-nyy-2026-06-30", "timestamp": "2026-06-30T22:58:22Z", "token_id": "38285451719285406466223988635695705899777625625083083463489941788265494934562", "transaction_hash": "0xd8aaadcd51df4fe838c0ebc19a40abe7e71202b1078709b506dde3ef43a759e7"}, {"condition_id": "0x734373e272d3dfb3a121b1144073fbe369494f221d8800095f0bf51412e2ffd0", "id": "0x66a15bbbfcea2c30a63fa2e571e1ee5796a8b64d1f489a1b13c9b3148ebce36f_0x277551219ce049c1357ec142357b74ea6221edff6520b1d5ea27ba55ff9e2dfd", "outcome": "Under", "price": 0.54999999998368, "proxy_wallet": "0x09b540739cfa17ba6b61f4351000583cd6397e72", "side": "BUY", "size": 3063.727271, "slug": "mlb-det-nyy-2026-06-30-total-7pt5", "timestamp": "2026-06-30T19:13:08Z", "token_id": "103452898868933509875822595388941711077314532331234763826881382185496791283585", "transaction_hash": "0x66a15bbbfcea2c30a63fa2e571e1ee5796a8b64d1f489a1b13c9b3148ebce36f"}, {"condition_id": "0x80a3bce767b871e3e9fc7d088f671cf8977818231c22bebecb82da08c5da045d", "id": "0x397ea11d014fe2f8fd76a0e8bc847e777535fc02d8c296c43c2e4ad2e50883eb_0xf71d5274c28134cf1fe31eadbdbef1879c7b5c2fac2afccda0370a80a6734352", "outcome": "Houston Astros", "price": 0.5599999999899926, "proxy_wallet": "0x09b540739cfa17ba6b61f4351000583cd6397e72", "side": "BUY", "size": 95929.357141, "slug": "mlb-min-hou-2026-06-29", "timestamp": "2026-06-30T00:07:10Z", "token_id": "53407166991230816800583080522930736265292362246784997138857479749340976417709", "transaction_hash": "0x397ea11d014fe2f8fd76a0e8bc847e777535fc02d8c296c43c2e4ad2e50883eb"}, {"condition_id": "0x02a7e87d80dab860a4198c289baec8ee5052fad5b7a5a453c5544b5d8992b64e", "id": "0xd3f8a0bb87f0e1302d80a9c1cf318cc8d97107e21fbf1ccdfb1615ea4a9d1159_0x25b3d7946ce64ff7907494089e70b1b31a0624cba254bb21e8c9ed997d43b74b", "outcome": "Under", "price": 0.5099999999678331, "proxy_wallet": "0x09b540739cfa17ba6b61f4351000583cd6397e72", "side": "BUY", "size": 1554.392155, "slug": "mlb-nym-tor-2026-06-29-total-8pt5", "timestamp": "2026-06-29T21:27:23Z", "token_id": "34932633786808043290439505943478450955343584497385046178727182728744700174933", "transaction_hash": "0xd3f8a0bb87f0e1302d80a9c1cf318cc8d97107e21fbf1ccdfb1615ea4a9d1159"}, {"condition_id": "0x02a7e87d80dab860a4198c289baec8ee5052fad5b7a5a453c5544b5d8992b64e", "id": "0x2089e8e7d58ff9adf145cce2d8326aa9c857fc6fa3fa8fdb114ea8df39543928_0x65a344346d6ca17e7e12463ebaf40f7b59655bad1b6b5265db6b4c1dedde8523", "outcome": "Under", "price": 0.5099999999493592, "proxy_wallet": "0x09b540739cfa17ba6b61f4351000583cd6397e72", "side": "BUY", "size": 5924.07843, "slug": "mlb-nym-tor-2026-06-29-total-8pt5", "timestamp": "2026-06-29T19:59:05Z", "token_id": "34932633786808043290439505943478450955343584497385046178727182728744700174933", "transaction_hash": "0x2089e8e7d58ff9adf145cce2d8326aa9c857fc6fa3fa8fdb114ea8df39543928"}, {"condition_id": "0x02a7e87d80dab860a4198c289baec8ee5052fad5b7a5a453c5544b5d8992b64e", "id": "0xaf08b627e22bf35e0a851a657ed40ab9559c06e1e860bf4670cf650023e265c6_0x13fcc71d3a56c673cdb356c92fdb9d277ebaf6efc9879abeddecfbb529c996ae", "outcome": "Under", "price": 0.5097885284526491, "proxy_wallet": "0x09b540739cfa17ba6b61f4351000583cd6397e72", "side": "BUY", "size": 17821.311175, "slug": "mlb-nym-tor-2026-06-29-total-8pt5", "timestamp": "2026-06-29T19:58:46Z", "token_id": "34932633786808043290439505943478450955343584497385046178727182728744700174933", "transaction_hash": "0xaf08b627e22bf35e0a851a657ed40ab9559c06e1e860bf4670cf650023e265c6"}, {"condition_id": "0x02a7e87d80dab860a4198c289baec8ee5052fad5b7a5a453c5544b5d8992b64e", "id": "0x0563612539187c00eedfb2c33d26e3abc0be2cadcc83ee7d05908d9a8ded5e36_0xffc632845e028a80eb8b6f89b2878a2522286b24df24733e5521575c03c89d29", "outcome": "Under", "price": 0.5, "proxy_wallet": "0x09b540739cfa17ba6b61f4351000583cd6397e72", "side": "BUY", "size": 1427.8, "slug": "mlb-nym-tor-2026-06-29-total-8pt5", "timestamp": "2026-06-29T19:58:23Z", "token_id": "34932633786808043290439505943478450955343584497385046178727182728744700174933", "transaction_hash": "0x0563612539187c00eedfb2c33d26e3abc0be2cadcc83ee7d05908d9a8ded5e36"}, {"condition_id": "0x85d69574cd4810096cd407aa82422f534648399a8032fb198d62f15980954099", "id": "0x6430cc118289f6058becf1f7229eb7ab3695ed38dd544bf2b0b76700ed8c0efc_0x35b9c7492c06b7b362b3cc6926de8f40427c1777e1a32a7ddcc3d91a3db604a4", "outcome": "Under", "price": 0.5499999999999999, "proxy_wallet": "0x09b540739cfa17ba6b61f4351000583cd6397e72", "side": "BUY", "size": 94920.1, "slug": "mlb-sf-ari-2026-06-29-total-9pt5", "timestamp": "2026-06-29T19:40:47Z", "token_id": "39214573591200305321975231597156893239703135578050042024316505211216668207945", "transaction_hash": "0x6430cc118289f6058becf1f7229eb7ab3695ed38dd544bf2b0b76700ed8c0efc"}, {"condition_id": "0x02a7e87d80dab860a4198c289baec8ee5052fad5b7a5a453c5544b5d8992b64e", "id": "0xb89ad88a5f394386bb8f341331a5dfe8bd892f023d58c2a15ba10b9f96eb6dd7_0x722309d9d62255fcde5044819a902ede85cb06b81ac116dcbd5ceba4167b7a7e", "outcome": "Under", "price": 0.49000000000000005, "proxy_wallet": "0x09b540739cfa17ba6b61f4351000583cd6397e72", "side": "BUY", "size": 2146.49, "slug": "mlb-nym-tor-2026-06-29-total-8pt5", "timestamp": "2026-06-29T19:32:28Z", "token_id": "34932633786808043290439505943478450955343584497385046178727182728744700174933", "transaction_hash": "0xb89ad88a5f394386bb8f341331a5dfe8bd892f023d58c2a15ba10b9f96eb6dd7"}, {"condition_id": "0x02a7e87d80dab860a4198c289baec8ee5052fad5b7a5a453c5544b5d8992b64e", "id": "0x7eb69662758a523ebdf577168c0ffb82675f592fb2b8a9d6ff7bda94a128be41_0x653a0feca5cf62dcdefec25b00e12ee5afc89bce149fc22bae53a242957911ea", "outcome": "Under", "price": 0.4799999999705338, "proxy_wallet": "0x09b540739cfa17ba6b61f4351000583cd6397e72", "side": "BUY", "size": 6787.416665, "slug": "mlb-nym-tor-2026-06-29-total-8pt5", "timestamp": "2026-06-29T19:31:40Z", "token_id": "34932633786808043290439505943478450955343584497385046178727182728744700174933", "transaction_hash": "0x7eb69662758a523ebdf577168c0ffb82675f592fb2b8a9d6ff7bda94a128be41"}, {"condition_id": "0x8249e710309a8b921adfd8cc48e4358ffcce41a9c6cb6260f316c76df4ec8b00", "id": "0xfa54b1e51cdf0897435d0b5a974ffd99500ab4221a36e733b2c6a4a63910147f_0x6f81ddcbb678822941b0b045470c2a4f531cecaa5d3fc454a6e57fab099b5315", "outcome": "Over", "price": 0.4899999999920786, "proxy_wallet": "0x09b540739cfa17ba6b61f4351000583cd6397e72", "side": "BUY", "size": 51758.775509, "slug": "mlb-ari-tb-2026-06-26-total-8pt5", "timestamp": "2026-06-26T22:38:16Z", "token_id": "20348996360259481780775820592871866878854574665265978348379696195934946616276", "transaction_hash": "0xfa54b1e51cdf0897435d0b5a974ffd99500ab4221a36e733b2c6a4a63910147f"}, {"condition_id": "0x2c955cc513c1f2df077380456ce23cd628f18cdb843802553864346324917b60", "id": "0x4a24631654621925e60d86973e4ed64003f6a521561dcd024d101655b0c11733_0xa1ed40372541f89df09679e48145560d92067ffcb40068d2fb16716c81c0a516", "outcome": "Over", "price": 0.5100000093545457, "proxy_wallet": "0x09b540739cfa17ba6b61f4351000583cd6397e72", "side": "BUY", "size": 44.897958, "slug": "mlb-tex-tor-2026-06-26-total-8pt5", "timestamp": "2026-06-26T19:08:16Z", "token_id": "28339135124362725891630823137603941617952004866259334961849419051014489269287", "transaction_hash": "0x4a24631654621925e60d86973e4ed64003f6a521561dcd024d101655b0c11733"}, {"condition_id": "0x2c955cc513c1f2df077380456ce23cd628f18cdb843802553864346324917b60", "id": "0x02a935e96ee7334a5966012f019338fa47d4560167046ef7570acd7a4c1a71be_0xa1ed40372541f89df09679e48145560d92067ffcb40068d2fb16716c81c0a516", "outcome": "Over", "price": 0.5100000465500188, "proxy_wallet": "0x09b540739cfa17ba6b61f4351000583cd6397e72", "side": "BUY", "size": 4.081631, "slug": "mlb-tex-tor-2026-06-26-total-8pt5", "timestamp": "2026-06-26T19:07:28Z", "token_id": "28339135124362725891630823137603941617952004866259334961849419051014489269287", "transaction_hash": "0x02a935e96ee7334a5966012f019338fa47d4560167046ef7570acd7a4c1a71be"}, {"condition_id": "0x2c955cc513c1f2df077380456ce23cd628f18cdb843802553864346324917b60", "id": "0x8401812a79c46eefaa5b789e23c22304845d375c4a04961e935633e96b7e893b_0xa1ed40372541f89df09679e48145560d92067ffcb40068d2fb16716c81c0a516", "outcome": "Over", "price": 0.5100000465500188, "proxy_wallet": "0x09b540739cfa17ba6b61f4351000583cd6397e72", "side": "BUY", "size": 4.081631, "slug": "mlb-tex-tor-2026-06-26-total-8pt5", "timestamp": "2026-06-26T19:01:29Z", "token_id": "28339135124362725891630823137603941617952004866259334961849419051014489269287", "transaction_hash": "0x8401812a79c46eefaa5b789e23c22304845d375c4a04961e935633e96b7e893b"}, {"condition_id": "0x2c955cc513c1f2df077380456ce23cd628f18cdb843802553864346324917b60", "id": "0xd0d185929c8fdbf7d60fa342b4a4e65b2f6d2c05a79ab518704b4960d45da54c_0xa1ed40372541f89df09679e48145560d92067ffcb40068d2fb16716c81c0a516", "outcome": "Over", "price": 0.5100000465500188, "proxy_wallet": "0x09b540739cfa17ba6b61f4351000583cd6397e72", "side": "BUY", "size": 4.081631, "slug": "mlb-tex-tor-2026-06-26-total-8pt5", "timestamp": "2026-06-26T18:53:22Z", "token_id": "28339135124362725891630823137603941617952004866259334961849419051014489269287", "transaction_hash": "0xd0d185929c8fdbf7d60fa342b4a4e65b2f6d2c05a79ab518704b4960d45da54c"}, {"condition_id": "0x2c955cc513c1f2df077380456ce23cd628f18cdb843802553864346324917b60", "id": "0x544a95c793e25ee273550e6a5c16ce1970ebcd1dfe023e6536e542d626f150f7_0xa1ed40372541f89df09679e48145560d92067ffcb40068d2fb16716c81c0a516", "outcome": "Over", "price": 0.5100000196000032, "proxy_wallet": "0x09b540739cfa17ba6b61f4351000583cd6397e72", "side": "BUY", "size": 10.20408, "slug": "mlb-tex-tor-2026-06-26-total-8pt5", "timestamp": "2026-06-26T17:40:07Z", "token_id": "28339135124362725891630823137603941617952004866259334961849419051014489269287", "transaction_hash": "0x544a95c793e25ee273550e6a5c16ce1970ebcd1dfe023e6536e542d626f150f7"}, {"condition_id": "0x2c955cc513c1f2df077380456ce23cd628f18cdb843802553864346324917b60", "id": "0x97377674df6e41a0e662edfb0bd723259b5c4c99dd54accad59ec13a0df0ebc4_0xa1ed40372541f89df09679e48145560d92067ffcb40068d2fb16716c81c0a516", "outcome": "Over", "price": 0.5100000616000098, "proxy_wallet": "0x09b540739cfa17ba6b61f4351000583cd6397e72", "side": "BUY", "size": 7.142856, "slug": "mlb-tex-tor-2026-06-26-total-8pt5", "timestamp": "2026-06-26T16:39:50Z", "token_id": "28339135124362725891630823137603941617952004866259334961849419051014489269287", "transaction_hash": "0x97377674df6e41a0e662edfb0bd723259b5c4c99dd54accad59ec13a0df0ebc4"}, {"condition_id": "0x7c833eefc934a40e3b1d964b257c85bccd4c176ff77059975fdc103d60fce265", "id": "0x0aadb80ddb323458d4d647479a2cc226e756f53b920bc07bca18be1d853ec51d_0xf4e9d41390ffaa3d8feb8655655fdbbd05a6339b49f80db800f50231612c420f", "outcome": "Over", "price": 0.5, "proxy_wallet": "0x09b540739cfa17ba6b61f4351000583cd6397e72", "side": "BUY", "size": 6.1, "slug": "mlb-kc-cws-2026-06-26-total-8pt5", "timestamp": "2026-06-26T16:38:46Z", "token_id": "106174190481037244380046903204228815227291364340940880141170740581163459173965", "transaction_hash": "0x0aadb80ddb323458d4d647479a2cc226e756f53b920bc07bca18be1d853ec51d"}, {"condition_id": "0x7c833eefc934a40e3b1d964b257c85bccd4c176ff77059975fdc103d60fce265", "id": "0xe3516e3901f445aea26398b0bec4f40084bfda16ee4c727d00897c1b9b30888a_0x0dc131e3a6c88cbd196b2e00d5fb1aa185795d7ac5b227b0fb6546bbf02dfd66", "outcome": "Over", "price": 0.5, "proxy_wallet": "0x09b540739cfa17ba6b61f4351000583cd6397e72", "side": "BUY", "size": 5, "slug": "mlb-kc-cws-2026-06-26-total-8pt5", "timestamp": "2026-06-26T16:32:04Z", "token_id": "106174190481037244380046903204228815227291364340940880141170740581163459173965", "transaction_hash": "0xe3516e3901f445aea26398b0bec4f40084bfda16ee4c727d00897c1b9b30888a"}, {"condition_id": "0x2c955cc513c1f2df077380456ce23cd628f18cdb843802553864346324917b60", "id": "0x1a1870d1f1631208a4b83f2d047f050211f89d7200863e6f66c2f8f4cba9e07d_0xa1ed40372541f89df09679e48145560d92067ffcb40068d2fb16716c81c0a516", "outcome": "Over", "price": 0.5100001715001115, "proxy_wallet": "0x09b540739cfa17ba6b61f4351000583cd6397e72", "side": "BUY", "size": 2.040815, "slug": "mlb-tex-tor-2026-06-26-total-8pt5", "timestamp": "2026-06-26T15:59:50Z", "token_id": "28339135124362725891630823137603941617952004866259334961849419051014489269287", "transaction_hash": "0x1a1870d1f1631208a4b83f2d047f050211f89d7200863e6f66c2f8f4cba9e07d"}, {"condition_id": "0x2c955cc513c1f2df077380456ce23cd628f18cdb843802553864346324917b60", "id": "0xe46c0075d0de53d1c68a29c59524e2f36147e965079e7a022177bce9e5c7161d_0xa1ed40372541f89df09679e48145560d92067ffcb40068d2fb16716c81c0a516", "outcome": "Over", "price": 0.5100001715001115, "proxy_wallet": "0x09b540739cfa17ba6b61f4351000583cd6397e72", "side": "BUY", "size": 2.040815, "slug": "mlb-tex-tor-2026-06-26-total-8pt5", "timestamp": "2026-06-26T15:53:53Z", "token_id": "28339135124362725891630823137603941617952004866259334961849419051014489269287", "transaction_hash": "0xe46c0075d0de53d1c68a29c59524e2f36147e965079e7a022177bce9e5c7161d"}, {"condition_id": "0x2c955cc513c1f2df077380456ce23cd628f18cdb843802553864346324917b60", "id": "0x0d6c074ef673a0988a4ce90f31ebad39d20d6077be7e48b9a04493458bde81ec_0xa1ed40372541f89df09679e48145560d92067ffcb40068d2fb16716c81c0a516", "outcome": "Over", "price": 0.51, "proxy_wallet": "0x09b540739cfa17ba6b61f4351000583cd6397e72", "side": "BUY", "size": 5, "slug": "mlb-tex-tor-2026-06-26-total-8pt5", "timestamp": "2026-06-26T15:53:01Z", "token_id": "28339135124362725891630823137603941617952004866259334961849419051014489269287", "transaction_hash": "0x0d6c074ef673a0988a4ce90f31ebad39d20d6077be7e48b9a04493458bde81ec"}, {"condition_id": "0x2c955cc513c1f2df077380456ce23cd628f18cdb843802553864346324917b60", "id": "0x318b2c13d7afb25daad357af4e8eb11e400edd9d9392c855fbe97ec6963f93a6_0xf6487fcb618bcdeb731bc83b69d74ab55e37f35c8ccdecfc5c1acc4042c2ad9e", "outcome": "Over", "price": 0.5099999999935749, "proxy_wallet": "0x09b540739cfa17ba6b61f4351000583cd6397e72", "side": "BUY", "size": 51361.960783, "slug": "mlb-tex-tor-2026-06-26-total-8pt5", "timestamp": "2026-06-26T15:52:29Z", "token_id": "28339135124362725891630823137603941617952004866259334961849419051014489269287", "transaction_hash": "0x318b2c13d7afb25daad357af4e8eb11e400edd9d9392c855fbe97ec6963f93a6"}], "polled_at": "2026-07-02T01:49:25.062591+00:00"}