{"wallet": "0xfe5428c1b7fae9f29cc5ce3b393d9a77251541d6", "total_trades_90d": 189, "mlb_trades_count": 50, "mlb_condition_ids": ["0x2b92ff7921ac9df284c06f414933c5b01e2ae2436367d3cf5d1619db5d977ec6", "0x65ea54fcd5747b326c31912e6e67ec846ec28e49dc66c5cc15b772ed346e3dd2", "0xcc5ac79e75113d325de33982adb585b9c1a19575186d2570a09f6070cb1f0a72", "0xffcc16466bec36ad1a0d27106b53eaf338b4013c40fa6fdf446819e14318141d"], "mlb_trade_details": [{"condition_id": "0xffcc16466bec36ad1a0d27106b53eaf338b4013c40fa6fdf446819e14318141d", "id": "0x67d066a7552568f5b2b9537a2bf94d278d46a6b6467e1553f350c4d57b033df1_0x83aa51e138e356dc285377f7ef6329344e1e6ce0d358be6c4f0da17c703f8ec8", "outcome": "Cincinnati Reds", "price": 0.41000000000000003, "proxy_wallet": "0xfe5428c1b7fae9f29cc5ce3b393d9a77251541d6", "side": "BUY", "size": 2162.98, "slug": "mlb-cin-mil-2026-07-01", "timestamp": "2026-07-01T21:58:44Z", "token_id": "113358608150512001269864923288418646714914260349596543233339365306930097854218", "transaction_hash": "0x67d066a7552568f5b2b9537a2bf94d278d46a6b6467e1553f350c4d57b033df1"}, {"condition_id": "0xffcc16466bec36ad1a0d27106b53eaf338b4013c40fa6fdf446819e14318141d", "id": "0x1e61ee416b16158e89a4e1995d8668f8fe0eba81efd766acfbf8c22ed896e0f1_0x803814663bd4c91c284b50eecf5f600921b5a4b4784bdc5596c042475c841d42", "outcome": "Cincinnati Reds", "price": 0.42000000000000004, "proxy_wallet": "0xfe5428c1b7fae9f29cc5ce3b393d9a77251541d6", "side": "BUY", "size": 2122.24, "slug": "mlb-cin-mil-2026-07-01", "timestamp": "2026-07-01T21:57:55Z", "token_id": "113358608150512001269864923288418646714914260349596543233339365306930097854218", "transaction_hash": "0x1e61ee416b16158e89a4e1995d8668f8fe0eba81efd766acfbf8c22ed896e0f1"}, {"condition_id": "0xffcc16466bec36ad1a0d27106b53eaf338b4013c40fa6fdf446819e14318141d", "id": "0x3d7b0db87effef69f6ff24915f22b3e5f3b72226a63a438bb54835758ce81fe3_0x803814663bd4c91c284b50eecf5f600921b5a4b4784bdc5596c042475c841d42", "outcome": "Cincinnati Reds", "price": 0.4197115305878122, "proxy_wallet": "0xfe5428c1b7fae9f29cc5ce3b393d9a77251541d6", "side": "BUY", "size": 96474.7, "slug": "mlb-cin-mil-2026-07-01", "timestamp": "2026-07-01T21:57:55Z", "token_id": "113358608150512001269864923288418646714914260349596543233339365306930097854218", "transaction_hash": "0x3d7b0db87effef69f6ff24915f22b3e5f3b72226a63a438bb54835758ce81fe3"}, {"condition_id": "0xffcc16466bec36ad1a0d27106b53eaf338b4013c40fa6fdf446819e14318141d", "id": "0x033cdc30de65d45d4d02d5882f0037d5b287333dcff9cb28b7d3075c15a60e34_0x803814663bd4c91c284b50eecf5f600921b5a4b4784bdc5596c042475c841d42", "outcome": "Cincinnati Reds", "price": 0.41, "proxy_wallet": "0xfe5428c1b7fae9f29cc5ce3b393d9a77251541d6", "side": "BUY", "size": 43095.15, "slug": "mlb-cin-mil-2026-07-01", "timestamp": "2026-07-01T21:57:55Z", "token_id": "113358608150512001269864923288418646714914260349596543233339365306930097854218", "transaction_hash": "0x033cdc30de65d45d4d02d5882f0037d5b287333dcff9cb28b7d3075c15a60e34"}, {"condition_id": "0x2b92ff7921ac9df284c06f414933c5b01e2ae2436367d3cf5d1619db5d977ec6", "id": "0xa5f9c77d325845a366e8e2f448605eeb2fca94a11a0804b372cf644af8793b8e_0xd99504c43ee2da28c15404719f96f9ab0261ebac269517274a57c9c156fe6806", "outcome": "Seattle Mariners", "price": 0.6699999999697331, "proxy_wallet": "0xfe5428c1b7fae9f29cc5ce3b393d9a77251541d6", "side": "BUY", "size": 7268.686566, "slug": "mlb-laa-sea-2026-06-30", "timestamp": "2026-07-01T02:09:40Z", "token_id": "23289864291723358071429456261071297202825303602775462310205192183566141769120", "transaction_hash": "0xa5f9c77d325845a366e8e2f448605eeb2fca94a11a0804b372cf644af8793b8e"}, {"condition_id": "0x2b92ff7921ac9df284c06f414933c5b01e2ae2436367d3cf5d1619db5d977ec6", "id": "0x522f6dcc65aa680e56c39e191e61d00aeb9a550c038cc2180820f9d3177d5a22_0xeb3e3a8f23ca2aba8a9ed4c5ebf080662176fa345785f88adf14fc81aa489235", "outcome": "Seattle Mariners", "price": 0.6, "proxy_wallet": "0xfe5428c1b7fae9f29cc5ce3b393d9a77251541d6", "side": "BUY", "size": 274, "slug": "mlb-laa-sea-2026-06-30", "timestamp": "2026-07-01T02:05:55Z", "token_id": "23289864291723358071429456261071297202825303602775462310205192183566141769120", "transaction_hash": "0x522f6dcc65aa680e56c39e191e61d00aeb9a550c038cc2180820f9d3177d5a22"}, {"condition_id": "0x2b92ff7921ac9df284c06f414933c5b01e2ae2436367d3cf5d1619db5d977ec6", "id": "0xb338f00dcc03328232b2d46d8fea4d5bc9b8a99078dc9753bd35f0d9e2b60991_0xeb3e3a8f23ca2aba8a9ed4c5ebf080662176fa345785f88adf14fc81aa489235", "outcome": "Seattle Mariners", "price": 0.6, "proxy_wallet": "0xfe5428c1b7fae9f29cc5ce3b393d9a77251541d6", "side": "BUY", "size": 71.325, "slug": "mlb-laa-sea-2026-06-30", "timestamp": "2026-07-01T02:05:35Z", "token_id": "23289864291723358071429456261071297202825303602775462310205192183566141769120", "transaction_hash": "0xb338f00dcc03328232b2d46d8fea4d5bc9b8a99078dc9753bd35f0d9e2b60991"}, {"condition_id": "0x2b92ff7921ac9df284c06f414933c5b01e2ae2436367d3cf5d1619db5d977ec6", "id": "0xedaad04e5ac9650b5b39aeda84956c42764dbafeccee743948bc68be89ceb64d_0xeb3e3a8f23ca2aba8a9ed4c5ebf080662176fa345785f88adf14fc81aa489235", "outcome": "Seattle Mariners", "price": 0.6, "proxy_wallet": "0xfe5428c1b7fae9f29cc5ce3b393d9a77251541d6", "side": "BUY", "size": 15.71, "slug": "mlb-laa-sea-2026-06-30", "timestamp": "2026-07-01T02:05:34Z", "token_id": "23289864291723358071429456261071297202825303602775462310205192183566141769120", "transaction_hash": "0xedaad04e5ac9650b5b39aeda84956c42764dbafeccee743948bc68be89ceb64d"}, {"condition_id": "0x2b92ff7921ac9df284c06f414933c5b01e2ae2436367d3cf5d1619db5d977ec6", "id": "0xd8386d3989b9c14cd253da07268e1ed66702cdac4ca7c30e043a0e5bc91f5df9_0xeb3e3a8f23ca2aba8a9ed4c5ebf080662176fa345785f88adf14fc81aa489235", "outcome": "Seattle Mariners", "price": 0.6, "proxy_wallet": "0xfe5428c1b7fae9f29cc5ce3b393d9a77251541d6", "side": "BUY", "size": 5, "slug": "mlb-laa-sea-2026-06-30", "timestamp": "2026-07-01T02:05:29Z", "token_id": "23289864291723358071429456261071297202825303602775462310205192183566141769120", "transaction_hash": "0xd8386d3989b9c14cd253da07268e1ed66702cdac4ca7c30e043a0e5bc91f5df9"}, {"condition_id": "0x2b92ff7921ac9df284c06f414933c5b01e2ae2436367d3cf5d1619db5d977ec6", "id": "0xafbb3194ef502df4a3b4f932336db2de623f4fa259a6c6c1c38ae2ba59d8d96b_0xeb3e3a8f23ca2aba8a9ed4c5ebf080662176fa345785f88adf14fc81aa489235", "outcome": "Seattle Mariners", "price": 0.6, "proxy_wallet": "0xfe5428c1b7fae9f29cc5ce3b393d9a77251541d6", "side": "BUY", "size": 3.8, "slug": "mlb-laa-sea-2026-06-30", "timestamp": "2026-07-01T02:05:29Z", "token_id": "23289864291723358071429456261071297202825303602775462310205192183566141769120", "transaction_hash": "0xafbb3194ef502df4a3b4f932336db2de623f4fa259a6c6c1c38ae2ba59d8d96b"}, {"condition_id": "0x2b92ff7921ac9df284c06f414933c5b01e2ae2436367d3cf5d1619db5d977ec6", "id": "0x0d69c6919a160be0fd49464d0fb97d91fdf890a73baeb9422837fcd299a569fd_0xeb3e3a8f23ca2aba8a9ed4c5ebf080662176fa345785f88adf14fc81aa489235", "outcome": "Seattle Mariners", "price": 0.6, "proxy_wallet": "0xfe5428c1b7fae9f29cc5ce3b393d9a77251541d6", "side": "BUY", "size": 127, "slug": "mlb-laa-sea-2026-06-30", "timestamp": "2026-07-01T02:05:29Z", "token_id": "23289864291723358071429456261071297202825303602775462310205192183566141769120", "transaction_hash": "0x0d69c6919a160be0fd49464d0fb97d91fdf890a73baeb9422837fcd299a569fd"}, {"condition_id": "0x2b92ff7921ac9df284c06f414933c5b01e2ae2436367d3cf5d1619db5d977ec6", "id": "0xfac3af7c577a799a972c8f64751988246924103d88cf00c5163e6b43c9fc3dff_0xeb3e3a8f23ca2aba8a9ed4c5ebf080662176fa345785f88adf14fc81aa489235", "outcome": "Seattle Mariners", "price": 0.6, "proxy_wallet": "0xfe5428c1b7fae9f29cc5ce3b393d9a77251541d6", "side": "BUY", "size": 590, "slug": "mlb-laa-sea-2026-06-30", "timestamp": "2026-07-01T02:05:28Z", "token_id": "23289864291723358071429456261071297202825303602775462310205192183566141769120", "transaction_hash": "0xfac3af7c577a799a972c8f64751988246924103d88cf00c5163e6b43c9fc3dff"}, {"condition_id": "0x2b92ff7921ac9df284c06f414933c5b01e2ae2436367d3cf5d1619db5d977ec6", "id": "0x644e120831df26bdb8a50ea8237267f8ee62315b79f2074a34aad3dde1051d0c_0xeb3e3a8f23ca2aba8a9ed4c5ebf080662176fa345785f88adf14fc81aa489235", "outcome": "Seattle Mariners", "price": 0.6, "proxy_wallet": "0xfe5428c1b7fae9f29cc5ce3b393d9a77251541d6", "side": "BUY", "size": 17.7, "slug": "mlb-laa-sea-2026-06-30", "timestamp": "2026-07-01T02:05:28Z", "token_id": "23289864291723358071429456261071297202825303602775462310205192183566141769120", "transaction_hash": "0x644e120831df26bdb8a50ea8237267f8ee62315b79f2074a34aad3dde1051d0c"}, {"condition_id": "0x2b92ff7921ac9df284c06f414933c5b01e2ae2436367d3cf5d1619db5d977ec6", "id": "0x225f85f5238b3f5402b638dfb3d862c47f9d6d988c0830afd1c6166c9ecbb03c_0xeb3e3a8f23ca2aba8a9ed4c5ebf080662176fa345785f88adf14fc81aa489235", "outcome": "Seattle Mariners", "price": 0.6, "proxy_wallet": "0xfe5428c1b7fae9f29cc5ce3b393d9a77251541d6", "side": "BUY", "size": 5, "slug": "mlb-laa-sea-2026-06-30", "timestamp": "2026-07-01T02:05:28Z", "token_id": "23289864291723358071429456261071297202825303602775462310205192183566141769120", "transaction_hash": "0x225f85f5238b3f5402b638dfb3d862c47f9d6d988c0830afd1c6166c9ecbb03c"}, {"condition_id": "0x2b92ff7921ac9df284c06f414933c5b01e2ae2436367d3cf5d1619db5d977ec6", "id": "0x1ee840652fc836b1a9560894117fbf5460983b58a29bba263c7241c0ab0728d5_0xeb3e3a8f23ca2aba8a9ed4c5ebf080662176fa345785f88adf14fc81aa489235", "outcome": "Seattle Mariners", "price": 0.6, "proxy_wallet": "0xfe5428c1b7fae9f29cc5ce3b393d9a77251541d6", "side": "BUY", "size": 1281, "slug": "mlb-laa-sea-2026-06-30", "timestamp": "2026-07-01T02:05:26Z", "token_id": "23289864291723358071429456261071297202825303602775462310205192183566141769120", "transaction_hash": "0x1ee840652fc836b1a9560894117fbf5460983b58a29bba263c7241c0ab0728d5"}, {"condition_id": "0x2b92ff7921ac9df284c06f414933c5b01e2ae2436367d3cf5d1619db5d977ec6", "id": "0xfcaa3fa5c9ce1c6f5c43d1efdb9bf870a6e85f6a6803d87b0afaee566a5b0af3_0xeb3e3a8f23ca2aba8a9ed4c5ebf080662176fa345785f88adf14fc81aa489235", "outcome": "Seattle Mariners", "price": 0.6, "proxy_wallet": "0xfe5428c1b7fae9f29cc5ce3b393d9a77251541d6", "side": "BUY", "size": 14.59, "slug": "mlb-laa-sea-2026-06-30", "timestamp": "2026-07-01T02:05:26Z", "token_id": "23289864291723358071429456261071297202825303602775462310205192183566141769120", "transaction_hash": "0xfcaa3fa5c9ce1c6f5c43d1efdb9bf870a6e85f6a6803d87b0afaee566a5b0af3"}, {"condition_id": "0x2b92ff7921ac9df284c06f414933c5b01e2ae2436367d3cf5d1619db5d977ec6", "id": "0xec78f611f72e1b468ccf6fa2eca1b860370e471712633d6206c212d497fecde6_0xeb3e3a8f23ca2aba8a9ed4c5ebf080662176fa345785f88adf14fc81aa489235", "outcome": "Seattle Mariners", "price": 0.6000000000000001, "proxy_wallet": "0xfe5428c1b7fae9f29cc5ce3b393d9a77251541d6", "side": "BUY", "size": 38.425, "slug": "mlb-laa-sea-2026-06-30", "timestamp": "2026-07-01T02:05:26Z", "token_id": "23289864291723358071429456261071297202825303602775462310205192183566141769120", "transaction_hash": "0xec78f611f72e1b468ccf6fa2eca1b860370e471712633d6206c212d497fecde6"}, {"condition_id": "0x2b92ff7921ac9df284c06f414933c5b01e2ae2436367d3cf5d1619db5d977ec6", "id": "0x86689af711d3a5a997061ff2d27c0d4891ad31248dc7628db4ea56d3edd68028_0xeb3e3a8f23ca2aba8a9ed4c5ebf080662176fa345785f88adf14fc81aa489235", "outcome": "Seattle Mariners", "price": 0.6, "proxy_wallet": "0xfe5428c1b7fae9f29cc5ce3b393d9a77251541d6", "side": "BUY", "size": 5, "slug": "mlb-laa-sea-2026-06-30", "timestamp": "2026-07-01T02:05:26Z", "token_id": "23289864291723358071429456261071297202825303602775462310205192183566141769120", "transaction_hash": "0x86689af711d3a5a997061ff2d27c0d4891ad31248dc7628db4ea56d3edd68028"}, {"condition_id": "0x2b92ff7921ac9df284c06f414933c5b01e2ae2436367d3cf5d1619db5d977ec6", "id": "0xd76e4b1ab862f28c5996bd0b2d8fd3f5a6208c11ac5a98aa2f100df771e58f8f_0xeb3e3a8f23ca2aba8a9ed4c5ebf080662176fa345785f88adf14fc81aa489235", "outcome": "Seattle Mariners", "price": 0.6000000000000001, "proxy_wallet": "0xfe5428c1b7fae9f29cc5ce3b393d9a77251541d6", "side": "BUY", "size": 20.15, "slug": "mlb-laa-sea-2026-06-30", "timestamp": "2026-07-01T02:05:25Z", "token_id": "23289864291723358071429456261071297202825303602775462310205192183566141769120", "transaction_hash": "0xd76e4b1ab862f28c5996bd0b2d8fd3f5a6208c11ac5a98aa2f100df771e58f8f"}, {"condition_id": "0x2b92ff7921ac9df284c06f414933c5b01e2ae2436367d3cf5d1619db5d977ec6", "id": "0x2939866dfef1a8c29324e02a8881c034e8b52d321bc02bdd72a775fcdbc7966b_0xeb3e3a8f23ca2aba8a9ed4c5ebf080662176fa345785f88adf14fc81aa489235", "outcome": "Seattle Mariners", "price": 0.6, "proxy_wallet": "0xfe5428c1b7fae9f29cc5ce3b393d9a77251541d6", "side": "BUY", "size": 672, "slug": "mlb-laa-sea-2026-06-30", "timestamp": "2026-07-01T02:05:25Z", "token_id": "23289864291723358071429456261071297202825303602775462310205192183566141769120", "transaction_hash": "0x2939866dfef1a8c29324e02a8881c034e8b52d321bc02bdd72a775fcdbc7966b"}, {"condition_id": "0x2b92ff7921ac9df284c06f414933c5b01e2ae2436367d3cf5d1619db5d977ec6", "id": "0x6134203168f993041f5778daf7d9c3874ae42843b60d8203f02838ca5a393f60_0xeb3e3a8f23ca2aba8a9ed4c5ebf080662176fa345785f88adf14fc81aa489235", "outcome": "Seattle Mariners", "price": 0.6, "proxy_wallet": "0xfe5428c1b7fae9f29cc5ce3b393d9a77251541d6", "side": "BUY", "size": 100, "slug": "mlb-laa-sea-2026-06-30", "timestamp": "2026-07-01T02:05:25Z", "token_id": "23289864291723358071429456261071297202825303602775462310205192183566141769120", "transaction_hash": "0x6134203168f993041f5778daf7d9c3874ae42843b60d8203f02838ca5a393f60"}, {"condition_id": "0x2b92ff7921ac9df284c06f414933c5b01e2ae2436367d3cf5d1619db5d977ec6", "id": "0x25739567cf0c0ed9609adbd46f0b0af32766fbdb20d49fedbe39b3707247970e_0xeb3e3a8f23ca2aba8a9ed4c5ebf080662176fa345785f88adf14fc81aa489235", "outcome": "Seattle Mariners", "price": 0.6, "proxy_wallet": "0xfe5428c1b7fae9f29cc5ce3b393d9a77251541d6", "side": "BUY", "size": 5, "slug": "mlb-laa-sea-2026-06-30", "timestamp": "2026-07-01T02:05:25Z", "token_id": "23289864291723358071429456261071297202825303602775462310205192183566141769120", "transaction_hash": "0x25739567cf0c0ed9609adbd46f0b0af32766fbdb20d49fedbe39b3707247970e"}, {"condition_id": "0x2b92ff7921ac9df284c06f414933c5b01e2ae2436367d3cf5d1619db5d977ec6", "id": "0x47a4e81903e04d48ec84a0dcea835f3b5edc93a5e86531eccaea887df1c43246_0xeb3e3a8f23ca2aba8a9ed4c5ebf080662176fa345785f88adf14fc81aa489235", "outcome": "Seattle Mariners", "price": 0.6, "proxy_wallet": "0xfe5428c1b7fae9f29cc5ce3b393d9a77251541d6", "side": "BUY", "size": 65, "slug": "mlb-laa-sea-2026-06-30", "timestamp": "2026-07-01T02:05:22Z", "token_id": "23289864291723358071429456261071297202825303602775462310205192183566141769120", "transaction_hash": "0x47a4e81903e04d48ec84a0dcea835f3b5edc93a5e86531eccaea887df1c43246"}, {"condition_id": "0x2b92ff7921ac9df284c06f414933c5b01e2ae2436367d3cf5d1619db5d977ec6", "id": "0xfb681f9b4ac7df517777ef2dd1e0f130d4ec6eb406d5c80e025957d0dd5b79a3_0xeb3e3a8f23ca2aba8a9ed4c5ebf080662176fa345785f88adf14fc81aa489235", "outcome": "Seattle Mariners", "price": 0.6, "proxy_wallet": "0xfe5428c1b7fae9f29cc5ce3b393d9a77251541d6", "side": "BUY", "size": 18.94, "slug": "mlb-laa-sea-2026-06-30", "timestamp": "2026-07-01T02:05:22Z", "token_id": "23289864291723358071429456261071297202825303602775462310205192183566141769120", "transaction_hash": "0xfb681f9b4ac7df517777ef2dd1e0f130d4ec6eb406d5c80e025957d0dd5b79a3"}, {"condition_id": "0x2b92ff7921ac9df284c06f414933c5b01e2ae2436367d3cf5d1619db5d977ec6", "id": "0x1c0d060343b4ed85d4fb5d1610b3d3d72b719968c329bf91766627d7a18a5662_0xeb3e3a8f23ca2aba8a9ed4c5ebf080662176fa345785f88adf14fc81aa489235", "outcome": "Seattle Mariners", "price": 0.6, "proxy_wallet": "0xfe5428c1b7fae9f29cc5ce3b393d9a77251541d6", "side": "BUY", "size": 785, "slug": "mlb-laa-sea-2026-06-30", "timestamp": "2026-07-01T02:05:20Z", "token_id": "23289864291723358071429456261071297202825303602775462310205192183566141769120", "transaction_hash": "0x1c0d060343b4ed85d4fb5d1610b3d3d72b719968c329bf91766627d7a18a5662"}, {"condition_id": "0x2b92ff7921ac9df284c06f414933c5b01e2ae2436367d3cf5d1619db5d977ec6", "id": "0x491e41d9b897709e0c7e4faf91115d399d876cc0d93327a9bc7860532e66d179_0xeb3e3a8f23ca2aba8a9ed4c5ebf080662176fa345785f88adf14fc81aa489235", "outcome": "Seattle Mariners", "price": 0.6, "proxy_wallet": "0xfe5428c1b7fae9f29cc5ce3b393d9a77251541d6", "side": "BUY", "size": 100, "slug": "mlb-laa-sea-2026-06-30", "timestamp": "2026-07-01T02:05:20Z", "token_id": "23289864291723358071429456261071297202825303602775462310205192183566141769120", "transaction_hash": "0x491e41d9b897709e0c7e4faf91115d399d876cc0d93327a9bc7860532e66d179"}, {"condition_id": "0x2b92ff7921ac9df284c06f414933c5b01e2ae2436367d3cf5d1619db5d977ec6", "id": "0xed593a88d3ace38c0fd0d238e30ad8c47231fa2c8044d23602ae115fa816ab34_0xeb3e3a8f23ca2aba8a9ed4c5ebf080662176fa345785f88adf14fc81aa489235", "outcome": "Seattle Mariners", "price": 0.6, "proxy_wallet": "0xfe5428c1b7fae9f29cc5ce3b393d9a77251541d6", "side": "BUY", "size": 5, "slug": "mlb-laa-sea-2026-06-30", "timestamp": "2026-07-01T02:05:20Z", "token_id": "23289864291723358071429456261071297202825303602775462310205192183566141769120", "transaction_hash": "0xed593a88d3ace38c0fd0d238e30ad8c47231fa2c8044d23602ae115fa816ab34"}, {"condition_id": "0x2b92ff7921ac9df284c06f414933c5b01e2ae2436367d3cf5d1619db5d977ec6", "id": "0x1fcbef9ec4e65c4e6d5591525ae8cf10ad96fbaae99944c1c58ff53424c0f782_0xeb3e3a8f23ca2aba8a9ed4c5ebf080662176fa345785f88adf14fc81aa489235", "outcome": "Seattle Mariners", "price": 0.6, "proxy_wallet": "0xfe5428c1b7fae9f29cc5ce3b393d9a77251541d6", "side": "BUY", "size": 23.55, "slug": "mlb-laa-sea-2026-06-30", "timestamp": "2026-07-01T02:05:20Z", "token_id": "23289864291723358071429456261071297202825303602775462310205192183566141769120", "transaction_hash": "0x1fcbef9ec4e65c4e6d5591525ae8cf10ad96fbaae99944c1c58ff53424c0f782"}, {"condition_id": "0x2b92ff7921ac9df284c06f414933c5b01e2ae2436367d3cf5d1619db5d977ec6", "id": "0x36b287ad2f5d53b01d2f335eeda43314445f12b22277dbb4d703b17e3742d12c_0xeb3e3a8f23ca2aba8a9ed4c5ebf080662176fa345785f88adf14fc81aa489235", "outcome": "Seattle Mariners", "price": 0.5868822308778704, "proxy_wallet": "0xfe5428c1b7fae9f29cc5ce3b393d9a77251541d6", "side": "BUY", "size": 22813.62, "slug": "mlb-laa-sea-2026-06-30", "timestamp": "2026-07-01T02:05:20Z", "token_id": "23289864291723358071429456261071297202825303602775462310205192183566141769120", "transaction_hash": "0x36b287ad2f5d53b01d2f335eeda43314445f12b22277dbb4d703b17e3742d12c"}, {"condition_id": "0x2b92ff7921ac9df284c06f414933c5b01e2ae2436367d3cf5d1619db5d977ec6", "id": "0x2bc36c8fdf9a5fd68cad0174fd26cfab9cc8ffa35df1d5b78d24735c73646699_0xd4ea40fd0837227a29e7976f5e6df6f04dc91c304ed1fe8b459389aeedbce0a9", "outcome": "Seattle Mariners", "price": 0.59, "proxy_wallet": "0xfe5428c1b7fae9f29cc5ce3b393d9a77251541d6", "side": "BUY", "size": 3, "slug": "mlb-laa-sea-2026-06-30", "timestamp": "2026-07-01T02:04:46Z", "token_id": "23289864291723358071429456261071297202825303602775462310205192183566141769120", "transaction_hash": "0x2bc36c8fdf9a5fd68cad0174fd26cfab9cc8ffa35df1d5b78d24735c73646699"}, {"condition_id": "0x2b92ff7921ac9df284c06f414933c5b01e2ae2436367d3cf5d1619db5d977ec6", "id": "0x6625231155b7751491c3eda03c516a66096ef43a2d9d49d130df0c6298b20c57_0xd4ea40fd0837227a29e7976f5e6df6f04dc91c304ed1fe8b459389aeedbce0a9", "outcome": "Seattle Mariners", "price": 0.59, "proxy_wallet": "0xfe5428c1b7fae9f29cc5ce3b393d9a77251541d6", "side": "BUY", "size": 102.95, "slug": "mlb-laa-sea-2026-06-30", "timestamp": "2026-07-01T02:04:46Z", "token_id": "23289864291723358071429456261071297202825303602775462310205192183566141769120", "transaction_hash": "0x6625231155b7751491c3eda03c516a66096ef43a2d9d49d130df0c6298b20c57"}, {"condition_id": "0x2b92ff7921ac9df284c06f414933c5b01e2ae2436367d3cf5d1619db5d977ec6", "id": "0x2afa41c4b19b37a57702037600354154e658d6d55a546df6f2a9c1c7e488d28a_0xd4ea40fd0837227a29e7976f5e6df6f04dc91c304ed1fe8b459389aeedbce0a9", "outcome": "Seattle Mariners", "price": 0.59, "proxy_wallet": "0xfe5428c1b7fae9f29cc5ce3b393d9a77251541d6", "side": "BUY", "size": 571, "slug": "mlb-laa-sea-2026-06-30", "timestamp": "2026-07-01T02:04:46Z", "token_id": "23289864291723358071429456261071297202825303602775462310205192183566141769120", "transaction_hash": "0x2afa41c4b19b37a57702037600354154e658d6d55a546df6f2a9c1c7e488d28a"}, {"condition_id": "0x2b92ff7921ac9df284c06f414933c5b01e2ae2436367d3cf5d1619db5d977ec6", "id": "0xc238a547f5f65eff430eb279b4f1d86dbd1f486e8909402e95a5cad9bd6c9948_0xd4ea40fd0837227a29e7976f5e6df6f04dc91c304ed1fe8b459389aeedbce0a9", "outcome": "Seattle Mariners", "price": 0.5900000000000001, "proxy_wallet": "0xfe5428c1b7fae9f29cc5ce3b393d9a77251541d6", "side": "BUY", "size": 14.59, "slug": "mlb-laa-sea-2026-06-30", "timestamp": "2026-07-01T02:04:44Z", "token_id": "23289864291723358071429456261071297202825303602775462310205192183566141769120", "transaction_hash": "0xc238a547f5f65eff430eb279b4f1d86dbd1f486e8909402e95a5cad9bd6c9948"}, {"condition_id": "0x2b92ff7921ac9df284c06f414933c5b01e2ae2436367d3cf5d1619db5d977ec6", "id": "0xa284789722049b157c70a4fae9a3b7c469a63ff01bbd27916b1be43488d983f9_0xd4ea40fd0837227a29e7976f5e6df6f04dc91c304ed1fe8b459389aeedbce0a9", "outcome": "Seattle Mariners", "price": 0.5900000000000001, "proxy_wallet": "0xfe5428c1b7fae9f29cc5ce3b393d9a77251541d6", "side": "BUY", "size": 19, "slug": "mlb-laa-sea-2026-06-30", "timestamp": "2026-07-01T02:04:43Z", "token_id": "23289864291723358071429456261071297202825303602775462310205192183566141769120", "transaction_hash": "0xa284789722049b157c70a4fae9a3b7c469a63ff01bbd27916b1be43488d983f9"}, {"condition_id": "0x2b92ff7921ac9df284c06f414933c5b01e2ae2436367d3cf5d1619db5d977ec6", "id": "0x0f820e5a3359e09780434daf0e69958372179e1b1b55e118f0856ffa4a30bce6_0xd4ea40fd0837227a29e7976f5e6df6f04dc91c304ed1fe8b459389aeedbce0a9", "outcome": "Seattle Mariners", "price": 0.5840788575582169, "proxy_wallet": "0xfe5428c1b7fae9f29cc5ce3b393d9a77251541d6", "side": "BUY", "size": 25946.53, "slug": "mlb-laa-sea-2026-06-30", "timestamp": "2026-07-01T02:04:41Z", "token_id": "23289864291723358071429456261071297202825303602775462310205192183566141769120", "transaction_hash": "0x0f820e5a3359e09780434daf0e69958372179e1b1b55e118f0856ffa4a30bce6"}, {"condition_id": "0x65ea54fcd5747b326c31912e6e67ec846ec28e49dc66c5cc15b772ed346e3dd2", "id": "0x9c44241a831aed3eb2d75c644c7d7bb3740d3439794372080173bb62f51a3bc0_0x7a868fb1ff1bc764d70556fd4c3e5cbdf66d503a70a85ee22e7c4651ad3ba939", "outcome": "Cincinnati Reds", "price": 0.382213827607362, "proxy_wallet": "0xfe5428c1b7fae9f29cc5ce3b393d9a77251541d6", "side": "BUY", "size": 163000, "slug": "mlb-cin-mil-2026-06-30", "timestamp": "2026-06-30T23:15:10Z", "token_id": "78672137410897560866927858357486380047830911804953251505385801419569556312929", "transaction_hash": "0x9c44241a831aed3eb2d75c644c7d7bb3740d3439794372080173bb62f51a3bc0"}, {"condition_id": "0xcc5ac79e75113d325de33982adb585b9c1a19575186d2570a09f6070cb1f0a72", "id": "0x3d322e8aae700c69f68a1a36d400b798262c7c18a67c41c923d0af1979d46a89_0x7721496bbacdda09ea4f0c269952e81411018f656a8475f4d62827b0d243b41d", "outcome": "Cincinnati Reds", "price": 0.7929490909090909, "proxy_wallet": "0xfe5428c1b7fae9f29cc5ce3b393d9a77251541d6", "side": "SELL", "size": 11000, "slug": "mlb-cin-mil-2026-06-29", "timestamp": "2026-06-30T01:25:32Z", "token_id": "96175966336953072916508331113276966980346010327302143663710388861225657980288", "transaction_hash": "0x3d322e8aae700c69f68a1a36d400b798262c7c18a67c41c923d0af1979d46a89"}, {"condition_id": "0xcc5ac79e75113d325de33982adb585b9c1a19575186d2570a09f6070cb1f0a72", "id": "0xa0ebbc8c11a59047f1c3269ac5f116fa36268462c54ab82bb022c2e25522f30f_0x25a6b9e0e090ae4c8000af715c18e4ad477666bfea9d45aa0dd3d8138a2efab9", "outcome": "Cincinnati Reds", "price": 0.82, "proxy_wallet": "0xfe5428c1b7fae9f29cc5ce3b393d9a77251541d6", "side": "SELL", "size": 15627.68, "slug": "mlb-cin-mil-2026-06-29", "timestamp": "2026-06-30T01:23:19Z", "token_id": "96175966336953072916508331113276966980346010327302143663710388861225657980288", "transaction_hash": "0xa0ebbc8c11a59047f1c3269ac5f116fa36268462c54ab82bb022c2e25522f30f"}, {"condition_id": "0xcc5ac79e75113d325de33982adb585b9c1a19575186d2570a09f6070cb1f0a72", "id": "0x0c3d144a75d70c8754c1f260ca90592407fc3c1ebbafce1f09e821e7bf396226_0x304800d9f86ff8c2e148c747f63cd092958ffb8a7aa674d65eaaba2a8d6f0f82", "outcome": "Cincinnati Reds", "price": 0.8099999999999999, "proxy_wallet": "0xfe5428c1b7fae9f29cc5ce3b393d9a77251541d6", "side": "SELL", "size": 11697.94, "slug": "mlb-cin-mil-2026-06-29", "timestamp": "2026-06-30T01:22:31Z", "token_id": "96175966336953072916508331113276966980346010327302143663710388861225657980288", "transaction_hash": "0x0c3d144a75d70c8754c1f260ca90592407fc3c1ebbafce1f09e821e7bf396226"}, {"condition_id": "0xcc5ac79e75113d325de33982adb585b9c1a19575186d2570a09f6070cb1f0a72", "id": "0x7300e23027965ac5c1f512ac58d7a7b67c475e5839352f8dd44fb207100d04ef_0x95cb1d3baab208ce38b837d8ffe910658ba906827e537dd03dedfa2695fe9a12", "outcome": "Cincinnati Reds", "price": 0.81, "proxy_wallet": "0xfe5428c1b7fae9f29cc5ce3b393d9a77251541d6", "side": "SELL", "size": 21694.27, "slug": "mlb-cin-mil-2026-06-29", "timestamp": "2026-06-30T01:21:47Z", "token_id": "96175966336953072916508331113276966980346010327302143663710388861225657980288", "transaction_hash": "0x7300e23027965ac5c1f512ac58d7a7b67c475e5839352f8dd44fb207100d04ef"}, {"condition_id": "0xcc5ac79e75113d325de33982adb585b9c1a19575186d2570a09f6070cb1f0a72", "id": "0xacfcbdef3529ae2129fcce6fe0e70a9ad5c45a151776dec491a0307ccbd2e0c4_0x5c595ea4871f159e7458e4afa6f872ce8e2a201c3229627b2fdcd37ba7e6596f", "outcome": "Cincinnati Reds", "price": 0.81, "proxy_wallet": "0xfe5428c1b7fae9f29cc5ce3b393d9a77251541d6", "side": "SELL", "size": 5676.01, "slug": "mlb-cin-mil-2026-06-29", "timestamp": "2026-06-30T01:21:14Z", "token_id": "96175966336953072916508331113276966980346010327302143663710388861225657980288", "transaction_hash": "0xacfcbdef3529ae2129fcce6fe0e70a9ad5c45a151776dec491a0307ccbd2e0c4"}, {"condition_id": "0xcc5ac79e75113d325de33982adb585b9c1a19575186d2570a09f6070cb1f0a72", "id": "0x77d7e14589dac1d9390a514969d5795fbdf143484d322269e576dc8e728b55b2_0xcf36f98bf4ae5b91fa32072631952fd5c11daf9548eca92b184c9a9cda114fd5", "outcome": "Cincinnati Reds", "price": 0.7999999999999999, "proxy_wallet": "0xfe5428c1b7fae9f29cc5ce3b393d9a77251541d6", "side": "SELL", "size": 6, "slug": "mlb-cin-mil-2026-06-29", "timestamp": "2026-06-30T01:20:34Z", "token_id": "96175966336953072916508331113276966980346010327302143663710388861225657980288", "transaction_hash": "0x77d7e14589dac1d9390a514969d5795fbdf143484d322269e576dc8e728b55b2"}, {"condition_id": "0xcc5ac79e75113d325de33982adb585b9c1a19575186d2570a09f6070cb1f0a72", "id": "0x0f418dfcec7576d34e898155be0bd6e6b18dfa751e4b6f07f83446aa917e9492_0xcf36f98bf4ae5b91fa32072631952fd5c11daf9548eca92b184c9a9cda114fd5", "outcome": "Cincinnati Reds", "price": 0.7999999999999999, "proxy_wallet": "0xfe5428c1b7fae9f29cc5ce3b393d9a77251541d6", "side": "SELL", "size": 6, "slug": "mlb-cin-mil-2026-06-29", "timestamp": "2026-06-30T01:20:31Z", "token_id": "96175966336953072916508331113276966980346010327302143663710388861225657980288", "transaction_hash": "0x0f418dfcec7576d34e898155be0bd6e6b18dfa751e4b6f07f83446aa917e9492"}, {"condition_id": "0xcc5ac79e75113d325de33982adb585b9c1a19575186d2570a09f6070cb1f0a72", "id": "0xd8e8eafc5ab2c012034b0eba06d21a40750ad840d1a7ce45c4ad5233a66ff84b_0xcf36f98bf4ae5b91fa32072631952fd5c11daf9548eca92b184c9a9cda114fd5", "outcome": "Cincinnati Reds", "price": 0.8, "proxy_wallet": "0xfe5428c1b7fae9f29cc5ce3b393d9a77251541d6", "side": "SELL", "size": 2.5, "slug": "mlb-cin-mil-2026-06-29", "timestamp": "2026-06-30T01:20:31Z", "token_id": "96175966336953072916508331113276966980346010327302143663710388861225657980288", "transaction_hash": "0xd8e8eafc5ab2c012034b0eba06d21a40750ad840d1a7ce45c4ad5233a66ff84b"}, {"condition_id": "0xcc5ac79e75113d325de33982adb585b9c1a19575186d2570a09f6070cb1f0a72", "id": "0xb49d0607ca8534b3aa177cb88524f9d1a739aa9d37fc93154985e0dd821712a6_0xcf36f98bf4ae5b91fa32072631952fd5c11daf9548eca92b184c9a9cda114fd5", "outcome": "Cincinnati Reds", "price": 0.8, "proxy_wallet": "0xfe5428c1b7fae9f29cc5ce3b393d9a77251541d6", "side": "SELL", "size": 2.5, "slug": "mlb-cin-mil-2026-06-29", "timestamp": "2026-06-30T01:20:29Z", "token_id": "96175966336953072916508331113276966980346010327302143663710388861225657980288", "transaction_hash": "0xb49d0607ca8534b3aa177cb88524f9d1a739aa9d37fc93154985e0dd821712a6"}, {"condition_id": "0xcc5ac79e75113d325de33982adb585b9c1a19575186d2570a09f6070cb1f0a72", "id": "0x0239897f3e9754af96ef65a0cd3fb10ce855e006ca51038f0ceb1d0fd0af9064_0xcf36f98bf4ae5b91fa32072631952fd5c11daf9548eca92b184c9a9cda114fd5", "outcome": "Cincinnati Reds", "price": 0.8, "proxy_wallet": "0xfe5428c1b7fae9f29cc5ce3b393d9a77251541d6", "side": "SELL", "size": 3738, "slug": "mlb-cin-mil-2026-06-29", "timestamp": "2026-06-30T01:20:29Z", "token_id": "96175966336953072916508331113276966980346010327302143663710388861225657980288", "transaction_hash": "0x0239897f3e9754af96ef65a0cd3fb10ce855e006ca51038f0ceb1d0fd0af9064"}, {"condition_id": "0xcc5ac79e75113d325de33982adb585b9c1a19575186d2570a09f6070cb1f0a72", "id": "0x21cd2158f020fe2602b9859bd790911e4600bd5e65f3df1e08d7f4d0d79030b1_0xcf36f98bf4ae5b91fa32072631952fd5c11daf9548eca92b184c9a9cda114fd5", "outcome": "Cincinnati Reds", "price": 0.8017029328287606, "proxy_wallet": "0xfe5428c1b7fae9f29cc5ce3b393d9a77251541d6", "side": "SELL", "size": 1057, "slug": "mlb-cin-mil-2026-06-29", "timestamp": "2026-06-30T01:20:29Z", "token_id": "96175966336953072916508331113276966980346010327302143663710388861225657980288", "transaction_hash": "0x21cd2158f020fe2602b9859bd790911e4600bd5e65f3df1e08d7f4d0d79030b1"}, {"condition_id": "0xcc5ac79e75113d325de33982adb585b9c1a19575186d2570a09f6070cb1f0a72", "id": "0x14967a89d2e776cbbf1a9f5c683ff5d4350477e572bb985fa000b5884d1368b5_0xcf36f98bf4ae5b91fa32072631952fd5c11daf9548eca92b184c9a9cda114fd5", "outcome": "Cincinnati Reds", "price": 0.7999999999999999, "proxy_wallet": "0xfe5428c1b7fae9f29cc5ce3b393d9a77251541d6", "side": "SELL", "size": 6, "slug": "mlb-cin-mil-2026-06-29", "timestamp": "2026-06-30T01:20:29Z", "token_id": "96175966336953072916508331113276966980346010327302143663710388861225657980288", "transaction_hash": "0x14967a89d2e776cbbf1a9f5c683ff5d4350477e572bb985fa000b5884d1368b5"}, {"condition_id": "0xcc5ac79e75113d325de33982adb585b9c1a19575186d2570a09f6070cb1f0a72", "id": "0xa8ccf9bc229ef9a62bea095e30886a613c6c8e1bcb34223a3409dd517c807950_0xcf36f98bf4ae5b91fa32072631952fd5c11daf9548eca92b184c9a9cda114fd5", "outcome": "Cincinnati Reds", "price": 0.7999999999999999, "proxy_wallet": "0xfe5428c1b7fae9f29cc5ce3b393d9a77251541d6", "side": "SELL", "size": 112.1375, "slug": "mlb-cin-mil-2026-06-29", "timestamp": "2026-06-30T01:20:29Z", "token_id": "96175966336953072916508331113276966980346010327302143663710388861225657980288", "transaction_hash": "0xa8ccf9bc229ef9a62bea095e30886a613c6c8e1bcb34223a3409dd517c807950"}, {"condition_id": "0xcc5ac79e75113d325de33982adb585b9c1a19575186d2570a09f6070cb1f0a72", "id": "0x28a74533ee54e8051b5c27bad9d986a49cdc638d3ae928fcb72ea654e3f58d57_0xcf36f98bf4ae5b91fa32072631952fd5c11daf9548eca92b184c9a9cda114fd5", "outcome": "Cincinnati Reds", "price": 0.8, "proxy_wallet": "0xfe5428c1b7fae9f29cc5ce3b393d9a77251541d6", "side": "SELL", "size": 795, "slug": "mlb-cin-mil-2026-06-29", "timestamp": "2026-06-30T01:20:29Z", "token_id": "96175966336953072916508331113276966980346010327302143663710388861225657980288", "transaction_hash": "0x28a74533ee54e8051b5c27bad9d986a49cdc638d3ae928fcb72ea654e3f58d57"}], "polled_at": "2026-07-02T01:49:26.403096+00:00"}