{"wallet": "0x48ecc049f171a8c7758e5d351e5f6c3c6df58f36", "total_trades_90d": 200, "mlb_trades_count": 14, "mlb_condition_ids": ["0x10a21bdd96e929dcf68e0bc4f2e0ebe9bd7ce494f81b11713413fdc9ae67a75d", "0x2e042c3f60a3112e46912288bbddef4176b8f2688d864e694d8f99d6ff90a636", "0x381a231517cf6088520a51df34bd1db9b93d035ba51913f98ca845d661e5e738", "0x4253fea48b64169e905c46540bd2c74b12c4ba50b1f18c09de8e5749ca479879", "0x45ef31309ac10fd32e81b1d661b720a39f84edc41875b8c8026fab5aac3f11fd", "0x6ff39585b998ab23e4af6df502eed80dc8e07509a9f0ff641208792b730ae48b", "0x8a620038fd7071878649bbd001fead5ed8663db96bcc2a0465bd3c5abd928b7c", "0xab2a1c3887306584c3d8f6325de94676af05f09bbee7c5b51a5bbec816c48313", "0xc1d603aea09c645bb952011bd7dfa352671dc0949e89b926e3d01af5c94aca71"], "mlb_trade_details": [{"condition_id": "0x8a620038fd7071878649bbd001fead5ed8663db96bcc2a0465bd3c5abd928b7c", "id": "0xcd4eb7715a3dec2fcc3ace00f30b5633e4c092bd98a2bbdda0973570d61fb7fc_0xf1f320281c381346ccc54df630a1a42810297bf8cdd6f9985be11f1f4b6a0328", "outcome": "Under", "price": 0.31100002472836374, "proxy_wallet": "0x48ecc049f171a8c7758e5d351e5f6c3c6df58f36", "side": "BUY", "size": 8.249636, "slug": "mlb-det-nyy-2026-07-01-total-10pt5", "timestamp": "2026-07-01T20:29:29Z", "token_id": "92711858202616288444615977989568207740141249026438841260972244052750152620775", "transaction_hash": "0xcd4eb7715a3dec2fcc3ace00f30b5633e4c092bd98a2bbdda0973570d61fb7fc"}, {"condition_id": "0x381a231517cf6088520a51df34bd1db9b93d035ba51913f98ca845d661e5e738", "id": "0xbacab3a5c983c64f1631dbbc597b94abd301071f82d5772cd78f73a1d44a6206_0x0a3afc24298f5a9e5cd433ec7cb472546b34ed304ed2a127a9ba1469e0595dd7", "outcome": "Detroit Tigers", "price": 0.44999999999999996, "proxy_wallet": "0x48ecc049f171a8c7758e5d351e5f6c3c6df58f36", "side": "BUY", "size": 55.54, "slug": "mlb-det-nyy-2026-07-01", "timestamp": "2026-07-01T19:55:47Z", "token_id": "21732814863574116195637613767442167544947896812245617431219863699392535019565", "transaction_hash": "0xbacab3a5c983c64f1631dbbc597b94abd301071f82d5772cd78f73a1d44a6206"}, {"condition_id": "0x381a231517cf6088520a51df34bd1db9b93d035ba51913f98ca845d661e5e738", "id": "0xe9b21f79cfc0aa10d9830cf4a13c3b51d551c58b8a2c06aaffe5cb01638b02bc_0x0a3afc24298f5a9e5cd433ec7cb472546b34ed304ed2a127a9ba1469e0595dd7", "outcome": "Detroit Tigers", "price": 0.45, "proxy_wallet": "0x48ecc049f171a8c7758e5d351e5f6c3c6df58f36", "side": "BUY", "size": 22, "slug": "mlb-det-nyy-2026-07-01", "timestamp": "2026-07-01T19:55:47Z", "token_id": "21732814863574116195637613767442167544947896812245617431219863699392535019565", "transaction_hash": "0xe9b21f79cfc0aa10d9830cf4a13c3b51d551c58b8a2c06aaffe5cb01638b02bc"}, {"condition_id": "0x381a231517cf6088520a51df34bd1db9b93d035ba51913f98ca845d661e5e738", "id": "0x15cc7855035904ed16640219f98dc546a71659429d1d44c4b868d613780a61ab_0x0a3afc24298f5a9e5cd433ec7cb472546b34ed304ed2a127a9ba1469e0595dd7", "outcome": "Detroit Tigers", "price": 0.4500000083081582, "proxy_wallet": "0x48ecc049f171a8c7758e5d351e5f6c3c6df58f36", "side": "BUY", "size": 12.036362, "slug": "mlb-det-nyy-2026-07-01", "timestamp": "2026-07-01T19:55:47Z", "token_id": "21732814863574116195637613767442167544947896812245617431219863699392535019565", "transaction_hash": "0x15cc7855035904ed16640219f98dc546a71659429d1d44c4b868d613780a61ab"}, {"condition_id": "0x381a231517cf6088520a51df34bd1db9b93d035ba51913f98ca845d661e5e738", "id": "0xb77cfa944ca73586c5e87a4eb7f939d89369da610caac1ff0c15e20fa062d522_0x0a3afc24298f5a9e5cd433ec7cb472546b34ed304ed2a127a9ba1469e0595dd7", "outcome": "Detroit Tigers", "price": 0.45, "proxy_wallet": "0x48ecc049f171a8c7758e5d351e5f6c3c6df58f36", "side": "BUY", "size": 57.12, "slug": "mlb-det-nyy-2026-07-01", "timestamp": "2026-07-01T19:55:46Z", "token_id": "21732814863574116195637613767442167544947896812245617431219863699392535019565", "transaction_hash": "0xb77cfa944ca73586c5e87a4eb7f939d89369da610caac1ff0c15e20fa062d522"}, {"condition_id": "0x381a231517cf6088520a51df34bd1db9b93d035ba51913f98ca845d661e5e738", "id": "0x36c582cadfd05f45e46a692f69290384b97e469a65eb63e34cc676ee26f7a5db_0x0a3afc24298f5a9e5cd433ec7cb472546b34ed304ed2a127a9ba1469e0595dd7", "outcome": "Detroit Tigers", "price": 0.44999999999999996, "proxy_wallet": "0x48ecc049f171a8c7758e5d351e5f6c3c6df58f36", "side": "BUY", "size": 186.3, "slug": "mlb-det-nyy-2026-07-01", "timestamp": "2026-07-01T19:55:46Z", "token_id": "21732814863574116195637613767442167544947896812245617431219863699392535019565", "transaction_hash": "0x36c582cadfd05f45e46a692f69290384b97e469a65eb63e34cc676ee26f7a5db"}, {"condition_id": "0x10a21bdd96e929dcf68e0bc4f2e0ebe9bd7ce494f81b11713413fdc9ae67a75d", "id": "0xac10d63db27f7ab82cdfb22e355d222a3d34bef95b2c766fc127719d0d6199bd_0x0bdce5dba1a8aa4ff2f9ba4f145d9e283a02090056318056918fada0653d7f28", "outcome": "Under", "price": 0.29000000000000004, "proxy_wallet": "0x48ecc049f171a8c7758e5d351e5f6c3c6df58f36", "side": "BUY", "size": 517, "slug": "mlb-min-hou-2026-06-29-total-8pt5", "timestamp": "2026-06-30T02:52:50Z", "token_id": "25875149949006916168527170102805017813228910266095071763703386404924471045156", "transaction_hash": "0xac10d63db27f7ab82cdfb22e355d222a3d34bef95b2c766fc127719d0d6199bd"}, {"condition_id": "0xc1d603aea09c645bb952011bd7dfa352671dc0949e89b926e3d01af5c94aca71", "id": "0x4e0ec8922c9ebcfae90d08c02a6fd23f6ebbb5772772cfe6668b96996371c8fb_0x111280ead45650e872eb7acf45e1202c7d433480c769339b2e8f55fbac557cf7", "outcome": "Seattle Mariners", "price": 0.29000000000000004, "proxy_wallet": "0x48ecc049f171a8c7758e5d351e5f6c3c6df58f36", "side": "BUY", "size": 517, "slug": "mlb-sea-cle-2026-06-28", "timestamp": "2026-06-28T20:41:07Z", "token_id": "37055431935682676322798896111137842676337082258747698049973516857413730690996", "transaction_hash": "0x4e0ec8922c9ebcfae90d08c02a6fd23f6ebbb5772772cfe6668b96996371c8fb"}, {"condition_id": "0x45ef31309ac10fd32e81b1d661b720a39f84edc41875b8c8026fab5aac3f11fd", "id": "0xdbd328d546276a1b58f1fc7c5fdbb9340eaae0f02a7d3bcc7b53e6e7a816e4b8_0xd2f8cac470c8020fb1d9abf5dada867ad216ac3f5a5157561b2ef7f26e8a054c", "outcome": "Cleveland Guardians", "price": 0.34, "proxy_wallet": "0x48ecc049f171a8c7758e5d351e5f6c3c6df58f36", "side": "BUY", "size": 15.78, "slug": "mlb-sea-cle-2026-06-27", "timestamp": "2026-06-28T01:23:44Z", "token_id": "114751715514538046718439606499376831503977179507127527830147723800397358752996", "transaction_hash": "0xdbd328d546276a1b58f1fc7c5fdbb9340eaae0f02a7d3bcc7b53e6e7a816e4b8"}, {"condition_id": "0x2e042c3f60a3112e46912288bbddef4176b8f2688d864e694d8f99d6ff90a636", "id": "0x8e787321204f83a838932a0d324f38cc593a6b52a4e2e7f21854fb2e259b1846_0x0af7e777d385aebd6f129e71edd963335079e6758c591e186b4d61c6575e94e6", "outcome": "Philadelphia Phillies", "price": 0.44999999999999996, "proxy_wallet": "0x48ecc049f171a8c7758e5d351e5f6c3c6df58f36", "side": "BUY", "size": 333, "slug": "mlb-phi-nym-2026-06-27-spread-home-1pt5", "timestamp": "2026-06-27T23:10:28Z", "token_id": "5654266279540610132475223155612857196536041909942984469239009334698769688610", "transaction_hash": "0x8e787321204f83a838932a0d324f38cc593a6b52a4e2e7f21854fb2e259b1846"}, {"condition_id": "0xab2a1c3887306584c3d8f6325de94676af05f09bbee7c5b51a5bbec816c48313", "id": "0xb7f261c494888d980a44c9c396463dddfc53d4faf7e83020ede95108489719d9_0x85b6dd6c1eb5af425d36c4863a22e63ec56cdac0b1a1c8307d0de7ead6b6b2cc", "outcome": "Detroit Tigers", "price": 0.3, "proxy_wallet": "0x48ecc049f171a8c7758e5d351e5f6c3c6df58f36", "side": "BUY", "size": 500, "slug": "mlb-hou-det-2026-06-27-spread-away-1pt5", "timestamp": "2026-06-27T19:40:20Z", "token_id": "109489792657418855472111656075432819618296856356663260371192702587761254831289", "transaction_hash": "0xb7f261c494888d980a44c9c396463dddfc53d4faf7e83020ede95108489719d9"}, {"condition_id": "0x6ff39585b998ab23e4af6df502eed80dc8e07509a9f0ff641208792b730ae48b", "id": "0xfd9dc479188cbfc95e8edf2065bf88fe50d78c0bf411a17faed345314cc943dd_0x92ea07046c19bbef70223da8b0581bfecfe076b814414fed6e02912201df77fe", "outcome": "Minnesota Twins", "price": 0.301, "proxy_wallet": "0x48ecc049f171a8c7758e5d351e5f6c3c6df58f36", "side": "BUY", "size": 498, "slug": "mlb-col-min-2026-06-26", "timestamp": "2026-06-27T02:44:07Z", "token_id": "80059385099358103423318668197533134956861324077198258756291702618818402291125", "transaction_hash": "0xfd9dc479188cbfc95e8edf2065bf88fe50d78c0bf411a17faed345314cc943dd"}, {"condition_id": "0x4253fea48b64169e905c46540bd2c74b12c4ba50b1f18c09de8e5749ca479879", "id": "0xf8cb1be59e2d7c06dd5ed6ce0d6626631494d7795a0a393cb22dbb9145970a56_0x7d4ef94dc07b0387d5d1eec350008024cbe60fe20dc8a9feee662be92636cb1d", "outcome": "Seattle Mariners", "price": 0.29000000000000004, "proxy_wallet": "0x48ecc049f171a8c7758e5d351e5f6c3c6df58f36", "side": "BUY", "size": 76.02, "slug": "mlb-sea-cle-2026-06-26", "timestamp": "2026-06-27T01:32:10Z", "token_id": "110204504773041536381489039983616367986615359790065225960535833265433277121248", "transaction_hash": "0xf8cb1be59e2d7c06dd5ed6ce0d6626631494d7795a0a393cb22dbb9145970a56"}, {"condition_id": "0x4253fea48b64169e905c46540bd2c74b12c4ba50b1f18c09de8e5749ca479879", "id": "0x8b8dc8d2a8fd9e9912e3bf5b72d12aba5a6887300104b5a826974998761bc009_0x7d4ef94dc07b0387d5d1eec350008024cbe60fe20dc8a9feee662be92636cb1d", "outcome": "Seattle Mariners", "price": 0.29, "proxy_wallet": "0x48ecc049f171a8c7758e5d351e5f6c3c6df58f36", "side": "BUY", "size": 440.98, "slug": "mlb-sea-cle-2026-06-26", "timestamp": "2026-06-27T01:32:08Z", "token_id": "110204504773041536381489039983616367986615359790065225960535833265433277121248", "transaction_hash": "0x8b8dc8d2a8fd9e9912e3bf5b72d12aba5a6887300104b5a826974998761bc009"}], "polled_at": "2026-07-02T01:49:32.700489+00:00"}