{"wallet": "0xa8e089ade142c95538e06196e09c85681112ad50", "total_trades_90d": 200, "mlb_trades_count": 50, "mlb_condition_ids": ["0x503cc08c1fcff5bcca91d07c143e87b3bddd68566445851e93db965e6a1a122d", "0x9fd1dc171c922192e9f1ca0df99f741f72d6aecacd9f8ad766c146f10158b8b0"], "mlb_trade_details": [{"condition_id": "0x9fd1dc171c922192e9f1ca0df99f741f72d6aecacd9f8ad766c146f10158b8b0", "id": "0xf8e4ea4033b02efbde7e76e98c1f8e7b92f9b83cf537e16b0ea8228059440570_0x4ff0ac9273816a7f144090c5ede15a65b72e7fda5bcb49c69a359231b44aa50c", "outcome": "Colorado Rockies", "price": 0.52, "proxy_wallet": "0xa8e089ade142c95538e06196e09c85681112ad50", "side": "BUY", "size": 4.03, "slug": "mlb-mia-col-2026-07-01-spread-away-1pt5", "timestamp": "2026-07-02T00:39:20Z", "token_id": "63906262158994574162168274401573059149015492076928440165017217317797378305468", "transaction_hash": "0xf8e4ea4033b02efbde7e76e98c1f8e7b92f9b83cf537e16b0ea8228059440570"}, {"condition_id": "0x9fd1dc171c922192e9f1ca0df99f741f72d6aecacd9f8ad766c146f10158b8b0", "id": "0xaccc646a71aa1e92dc01fbc1e21d1eeaf42680be5fe6b2b1dfaabe2d3e34ce07_0x4ff0ac9273816a7f144090c5ede15a65b72e7fda5bcb49c69a359231b44aa50c", "outcome": "Colorado Rockies", "price": 0.52, "proxy_wallet": "0xa8e089ade142c95538e06196e09c85681112ad50", "side": "BUY", "size": 305.28, "slug": "mlb-mia-col-2026-07-01-spread-away-1pt5", "timestamp": "2026-07-02T00:39:16Z", "token_id": "63906262158994574162168274401573059149015492076928440165017217317797378305468", "transaction_hash": "0xaccc646a71aa1e92dc01fbc1e21d1eeaf42680be5fe6b2b1dfaabe2d3e34ce07"}, {"condition_id": "0x9fd1dc171c922192e9f1ca0df99f741f72d6aecacd9f8ad766c146f10158b8b0", "id": "0x364f6fcfbed310ae18d6d6cd8cc8d40c91ffef75ba2390475822a28b2581ea48_0x4ff0ac9273816a7f144090c5ede15a65b72e7fda5bcb49c69a359231b44aa50c", "outcome": "Colorado Rockies", "price": 0.5199999999999999, "proxy_wallet": "0xa8e089ade142c95538e06196e09c85681112ad50", "side": "BUY", "size": 355.66, "slug": "mlb-mia-col-2026-07-01-spread-away-1pt5", "timestamp": "2026-07-02T00:39:07Z", "token_id": "63906262158994574162168274401573059149015492076928440165017217317797378305468", "transaction_hash": "0x364f6fcfbed310ae18d6d6cd8cc8d40c91ffef75ba2390475822a28b2581ea48"}, {"condition_id": "0x503cc08c1fcff5bcca91d07c143e87b3bddd68566445851e93db965e6a1a122d", "id": "0x0347e8c8189b5665f7645e10e8f8205c1971596cac86f82b63365c8e0e7fb113_0xad9ef03c1e9ce058d8c01c5571499a881c78a783ed86a6e13f1b8e76e8625b0e", "outcome": "Colorado Rockies", "price": 0.42999999999999994, "proxy_wallet": "0xa8e089ade142c95538e06196e09c85681112ad50", "side": "BUY", "size": 33787.98, "slug": "mlb-mia-col-2026-07-01", "timestamp": "2026-07-02T00:39:04Z", "token_id": "77275020519117476392252162482053003018718756533700410205853872084141713559998", "transaction_hash": "0x0347e8c8189b5665f7645e10e8f8205c1971596cac86f82b63365c8e0e7fb113"}, {"condition_id": "0x9fd1dc171c922192e9f1ca0df99f741f72d6aecacd9f8ad766c146f10158b8b0", "id": "0x7456e261090a5d9431e5668314f6d57a8a1743f5949ccf6879007ce0f9a80ca3_0x4ff0ac9273816a7f144090c5ede15a65b72e7fda5bcb49c69a359231b44aa50c", "outcome": "Colorado Rockies", "price": 0.52, "proxy_wallet": "0xa8e089ade142c95538e06196e09c85681112ad50", "side": "BUY", "size": 7.32, "slug": "mlb-mia-col-2026-07-01-spread-away-1pt5", "timestamp": "2026-07-02T00:38:56Z", "token_id": "63906262158994574162168274401573059149015492076928440165017217317797378305468", "transaction_hash": "0x7456e261090a5d9431e5668314f6d57a8a1743f5949ccf6879007ce0f9a80ca3"}, {"condition_id": "0x9fd1dc171c922192e9f1ca0df99f741f72d6aecacd9f8ad766c146f10158b8b0", "id": "0xb825a4b3d7c561086e6d42218bc290ca158c4d663e4b1e7e9f64ff156d1a243b_0x4ff0ac9273816a7f144090c5ede15a65b72e7fda5bcb49c69a359231b44aa50c", "outcome": "Colorado Rockies", "price": 0.5199999999999999, "proxy_wallet": "0xa8e089ade142c95538e06196e09c85681112ad50", "side": "BUY", "size": 732.48, "slug": "mlb-mia-col-2026-07-01-spread-away-1pt5", "timestamp": "2026-07-02T00:38:50Z", "token_id": "63906262158994574162168274401573059149015492076928440165017217317797378305468", "transaction_hash": "0xb825a4b3d7c561086e6d42218bc290ca158c4d663e4b1e7e9f64ff156d1a243b"}, {"condition_id": "0x9fd1dc171c922192e9f1ca0df99f741f72d6aecacd9f8ad766c146f10158b8b0", "id": "0x40b8b251600a368b2bcec5a0779b7f19316b956b38b413326e464fc9a8bd0437_0x4ff0ac9273816a7f144090c5ede15a65b72e7fda5bcb49c69a359231b44aa50c", "outcome": "Colorado Rockies", "price": 0.52, "proxy_wallet": "0xa8e089ade142c95538e06196e09c85681112ad50", "side": "BUY", "size": 40.3, "slug": "mlb-mia-col-2026-07-01-spread-away-1pt5", "timestamp": "2026-07-02T00:38:43Z", "token_id": "63906262158994574162168274401573059149015492076928440165017217317797378305468", "transaction_hash": "0x40b8b251600a368b2bcec5a0779b7f19316b956b38b413326e464fc9a8bd0437"}, {"condition_id": "0x503cc08c1fcff5bcca91d07c143e87b3bddd68566445851e93db965e6a1a122d", "id": "0x9c68d8900baf108283f58f704d4f4e34c6891498292efa0af8f28a36cf640c9a_0xad9ef03c1e9ce058d8c01c5571499a881c78a783ed86a6e13f1b8e76e8625b0e", "outcome": "Colorado Rockies", "price": 0.43, "proxy_wallet": "0xa8e089ade142c95538e06196e09c85681112ad50", "side": "BUY", "size": 5.03, "slug": "mlb-mia-col-2026-07-01", "timestamp": "2026-07-02T00:38:41Z", "token_id": "77275020519117476392252162482053003018718756533700410205853872084141713559998", "transaction_hash": "0x9c68d8900baf108283f58f704d4f4e34c6891498292efa0af8f28a36cf640c9a"}, {"condition_id": "0x503cc08c1fcff5bcca91d07c143e87b3bddd68566445851e93db965e6a1a122d", "id": "0xd1a21647f79ec4db553c8a1d28ed7e8afc06116d519e37c92f09d5fe4fff342f_0xad9ef03c1e9ce058d8c01c5571499a881c78a783ed86a6e13f1b8e76e8625b0e", "outcome": "Colorado Rockies", "price": 0.43000000000000005, "proxy_wallet": "0xa8e089ade142c95538e06196e09c85681112ad50", "side": "BUY", "size": 369.71, "slug": "mlb-mia-col-2026-07-01", "timestamp": "2026-07-02T00:38:37Z", "token_id": "77275020519117476392252162482053003018718756533700410205853872084141713559998", "transaction_hash": "0xd1a21647f79ec4db553c8a1d28ed7e8afc06116d519e37c92f09d5fe4fff342f"}, {"condition_id": "0x503cc08c1fcff5bcca91d07c143e87b3bddd68566445851e93db965e6a1a122d", "id": "0x404820846c011a8a86ed3810cc74ead0bc9fb2ae60ffe1292abb447e91339b23_0xad9ef03c1e9ce058d8c01c5571499a881c78a783ed86a6e13f1b8e76e8625b0e", "outcome": "Colorado Rockies", "price": 0.43000000068399996, "proxy_wallet": "0xa8e089ade142c95538e06196e09c85681112ad50", "side": "BUY", "size": 438.59649, "slug": "mlb-mia-col-2026-07-01", "timestamp": "2026-07-02T00:38:37Z", "token_id": "77275020519117476392252162482053003018718756533700410205853872084141713559998", "transaction_hash": "0x404820846c011a8a86ed3810cc74ead0bc9fb2ae60ffe1292abb447e91339b23"}, {"condition_id": "0x503cc08c1fcff5bcca91d07c143e87b3bddd68566445851e93db965e6a1a122d", "id": "0x3e702962118ff18b69dba1b56c0a80b9ed2801f0d3672a732ad758536b8cdd15_0xad9ef03c1e9ce058d8c01c5571499a881c78a783ed86a6e13f1b8e76e8625b0e", "outcome": "Colorado Rockies", "price": 0.43, "proxy_wallet": "0xa8e089ade142c95538e06196e09c85681112ad50", "side": "BUY", "size": 42.31, "slug": "mlb-mia-col-2026-07-01", "timestamp": "2026-07-02T00:38:37Z", "token_id": "77275020519117476392252162482053003018718756533700410205853872084141713559998", "transaction_hash": "0x3e702962118ff18b69dba1b56c0a80b9ed2801f0d3672a732ad758536b8cdd15"}, {"condition_id": "0x503cc08c1fcff5bcca91d07c143e87b3bddd68566445851e93db965e6a1a122d", "id": "0x16d7f0c87295c24f01e2eeef98eff251147b2acb8dc30ad2c9a1ec6b4fef8a99_0xad9ef03c1e9ce058d8c01c5571499a881c78a783ed86a6e13f1b8e76e8625b0e", "outcome": "Colorado Rockies", "price": 0.43000000000000005, "proxy_wallet": "0xa8e089ade142c95538e06196e09c85681112ad50", "side": "BUY", "size": 25.18, "slug": "mlb-mia-col-2026-07-01", "timestamp": "2026-07-02T00:38:29Z", "token_id": "77275020519117476392252162482053003018718756533700410205853872084141713559998", "transaction_hash": "0x16d7f0c87295c24f01e2eeef98eff251147b2acb8dc30ad2c9a1ec6b4fef8a99"}, {"condition_id": "0x503cc08c1fcff5bcca91d07c143e87b3bddd68566445851e93db965e6a1a122d", "id": "0xb202fed23af1a5bcbcb3f3393e65fa0bc18e63fba4f3756f5236efff9fe38251_0xad9ef03c1e9ce058d8c01c5571499a881c78a783ed86a6e13f1b8e76e8625b0e", "outcome": "Colorado Rockies", "price": 0.42999999999999994, "proxy_wallet": "0xa8e089ade142c95538e06196e09c85681112ad50", "side": "BUY", "size": 861.33, "slug": "mlb-mia-col-2026-07-01", "timestamp": "2026-07-02T00:38:28Z", "token_id": "77275020519117476392252162482053003018718756533700410205853872084141713559998", "transaction_hash": "0xb202fed23af1a5bcbcb3f3393e65fa0bc18e63fba4f3756f5236efff9fe38251"}, {"condition_id": "0x9fd1dc171c922192e9f1ca0df99f741f72d6aecacd9f8ad766c146f10158b8b0", "id": "0x029c120f6b123423ce52f4bdbd8f3c5181841acc43cc05ebd2a0a55222dedf8b_0x4ff0ac9273816a7f144090c5ede15a65b72e7fda5bcb49c69a359231b44aa50c", "outcome": "Colorado Rockies", "price": 0.52, "proxy_wallet": "0xa8e089ade142c95538e06196e09c85681112ad50", "side": "BUY", "size": 40.3, "slug": "mlb-mia-col-2026-07-01-spread-away-1pt5", "timestamp": "2026-07-02T00:38:26Z", "token_id": "63906262158994574162168274401573059149015492076928440165017217317797378305468", "transaction_hash": "0x029c120f6b123423ce52f4bdbd8f3c5181841acc43cc05ebd2a0a55222dedf8b"}, {"condition_id": "0x503cc08c1fcff5bcca91d07c143e87b3bddd68566445851e93db965e6a1a122d", "id": "0x184ac0e9b716a99287d69ea2307b9e73317b0bbbc36e84e5121054702c2a306b_0xad9ef03c1e9ce058d8c01c5571499a881c78a783ed86a6e13f1b8e76e8625b0e", "outcome": "Colorado Rockies", "price": 0.43000000000000005, "proxy_wallet": "0xa8e089ade142c95538e06196e09c85681112ad50", "side": "BUY", "size": 25.18, "slug": "mlb-mia-col-2026-07-01", "timestamp": "2026-07-02T00:38:22Z", "token_id": "77275020519117476392252162482053003018718756533700410205853872084141713559998", "transaction_hash": "0x184ac0e9b716a99287d69ea2307b9e73317b0bbbc36e84e5121054702c2a306b"}, {"condition_id": "0x503cc08c1fcff5bcca91d07c143e87b3bddd68566445851e93db965e6a1a122d", "id": "0x74ca48bb5c0b2223b5eb41a6d7abf690c5f87ceec8eec78ffb2a72ded42721a9_0xad9ef03c1e9ce058d8c01c5571499a881c78a783ed86a6e13f1b8e76e8625b0e", "outcome": "Colorado Rockies", "price": 0.43, "proxy_wallet": "0xa8e089ade142c95538e06196e09c85681112ad50", "side": "BUY", "size": 17.12, "slug": "mlb-mia-col-2026-07-01", "timestamp": "2026-07-02T00:38:22Z", "token_id": "77275020519117476392252162482053003018718756533700410205853872084141713559998", "transaction_hash": "0x74ca48bb5c0b2223b5eb41a6d7abf690c5f87ceec8eec78ffb2a72ded42721a9"}, {"condition_id": "0x9fd1dc171c922192e9f1ca0df99f741f72d6aecacd9f8ad766c146f10158b8b0", "id": "0xd11bdceea94f4cd6747e2a2d54b9e189868e68ef5c2b34e6823c1ae0c699c48d_0x4ff0ac9273816a7f144090c5ede15a65b72e7fda5bcb49c69a359231b44aa50c", "outcome": "Colorado Rockies", "price": 0.52, "proxy_wallet": "0xa8e089ade142c95538e06196e09c85681112ad50", "side": "BUY", "size": 50.37, "slug": "mlb-mia-col-2026-07-01-spread-away-1pt5", "timestamp": "2026-07-02T00:38:22Z", "token_id": "63906262158994574162168274401573059149015492076928440165017217317797378305468", "transaction_hash": "0xd11bdceea94f4cd6747e2a2d54b9e189868e68ef5c2b34e6823c1ae0c699c48d"}, {"condition_id": "0x9fd1dc171c922192e9f1ca0df99f741f72d6aecacd9f8ad766c146f10158b8b0", "id": "0xd3d9fcc557e10159f52be21b11db2b67a049ae783d53171b9e1b5e5fe3c26554_0x4ff0ac9273816a7f144090c5ede15a65b72e7fda5bcb49c69a359231b44aa50c", "outcome": "Colorado Rockies", "price": 0.5199999999999999, "proxy_wallet": "0xa8e089ade142c95538e06196e09c85681112ad50", "side": "BUY", "size": 10.07, "slug": "mlb-mia-col-2026-07-01-spread-away-1pt5", "timestamp": "2026-07-02T00:38:17Z", "token_id": "63906262158994574162168274401573059149015492076928440165017217317797378305468", "transaction_hash": "0xd3d9fcc557e10159f52be21b11db2b67a049ae783d53171b9e1b5e5fe3c26554"}, {"condition_id": "0x503cc08c1fcff5bcca91d07c143e87b3bddd68566445851e93db965e6a1a122d", "id": "0x5696318a38c4924591abfc0ddf9e36b2a872221cfd9f67b90703707211867245_0xad9ef03c1e9ce058d8c01c5571499a881c78a783ed86a6e13f1b8e76e8625b0e", "outcome": "Colorado Rockies", "price": 0.43, "proxy_wallet": "0xa8e089ade142c95538e06196e09c85681112ad50", "side": "BUY", "size": 85.62, "slug": "mlb-mia-col-2026-07-01", "timestamp": "2026-07-02T00:38:11Z", "token_id": "77275020519117476392252162482053003018718756533700410205853872084141713559998", "transaction_hash": "0x5696318a38c4924591abfc0ddf9e36b2a872221cfd9f67b90703707211867245"}, {"condition_id": "0x9fd1dc171c922192e9f1ca0df99f741f72d6aecacd9f8ad766c146f10158b8b0", "id": "0x0beb6d636864d335db9d4620b71eb7eaa516b4e62e20bddd291742ffcce5f0d8_0x4ff0ac9273816a7f144090c5ede15a65b72e7fda5bcb49c69a359231b44aa50c", "outcome": "Colorado Rockies", "price": 0.5200000480000192, "proxy_wallet": "0xa8e089ade142c95538e06196e09c85681112ad50", "side": "BUY", "size": 4.166665, "slug": "mlb-mia-col-2026-07-01-spread-away-1pt5", "timestamp": "2026-07-02T00:38:11Z", "token_id": "63906262158994574162168274401573059149015492076928440165017217317797378305468", "transaction_hash": "0x0beb6d636864d335db9d4620b71eb7eaa516b4e62e20bddd291742ffcce5f0d8"}, {"condition_id": "0x503cc08c1fcff5bcca91d07c143e87b3bddd68566445851e93db965e6a1a122d", "id": "0x9582f759ed266128c3d2826329c4ac86dcfc9c307c53ed9724361e95144d1f9a_0xad9ef03c1e9ce058d8c01c5571499a881c78a783ed86a6e13f1b8e76e8625b0e", "outcome": "Colorado Rockies", "price": 0.43, "proxy_wallet": "0xa8e089ade142c95538e06196e09c85681112ad50", "side": "BUY", "size": 3445.33, "slug": "mlb-mia-col-2026-07-01", "timestamp": "2026-07-02T00:38:11Z", "token_id": "77275020519117476392252162482053003018718756533700410205853872084141713559998", "transaction_hash": "0x9582f759ed266128c3d2826329c4ac86dcfc9c307c53ed9724361e95144d1f9a"}, {"condition_id": "0x9fd1dc171c922192e9f1ca0df99f741f72d6aecacd9f8ad766c146f10158b8b0", "id": "0xfc24cc61dbce21ab33440588871a1b5fd4a45469d56e76f9c85f908509d0e6e9_0x4ff0ac9273816a7f144090c5ede15a65b72e7fda5bcb49c69a359231b44aa50c", "outcome": "Colorado Rockies", "price": 0.52, "proxy_wallet": "0xa8e089ade142c95538e06196e09c85681112ad50", "side": "BUY", "size": 346.36, "slug": "mlb-mia-col-2026-07-01-spread-away-1pt5", "timestamp": "2026-07-02T00:38:07Z", "token_id": "63906262158994574162168274401573059149015492076928440165017217317797378305468", "transaction_hash": "0xfc24cc61dbce21ab33440588871a1b5fd4a45469d56e76f9c85f908509d0e6e9"}, {"condition_id": "0x9fd1dc171c922192e9f1ca0df99f741f72d6aecacd9f8ad766c146f10158b8b0", "id": "0x50ce5c62b5c2e10853ad49d0aa33681e192e1c1ecffe73eef07f134ffb1e012e_0x4ff0ac9273816a7f144090c5ede15a65b72e7fda5bcb49c69a359231b44aa50c", "outcome": "Colorado Rockies", "price": 0.52, "proxy_wallet": "0xa8e089ade142c95538e06196e09c85681112ad50", "side": "BUY", "size": 5, "slug": "mlb-mia-col-2026-07-01-spread-away-1pt5", "timestamp": "2026-07-02T00:38:02Z", "token_id": "63906262158994574162168274401573059149015492076928440165017217317797378305468", "transaction_hash": "0x50ce5c62b5c2e10853ad49d0aa33681e192e1c1ecffe73eef07f134ffb1e012e"}, {"condition_id": "0x503cc08c1fcff5bcca91d07c143e87b3bddd68566445851e93db965e6a1a122d", "id": "0x71f371d44403d6d3d788cbb6b8535a25f0436bdf88cf665d3a624a204fd069d3_0xad9ef03c1e9ce058d8c01c5571499a881c78a783ed86a6e13f1b8e76e8625b0e", "outcome": "Colorado Rockies", "price": 0.43, "proxy_wallet": "0xa8e089ade142c95538e06196e09c85681112ad50", "side": "BUY", "size": 516.8, "slug": "mlb-mia-col-2026-07-01", "timestamp": "2026-07-02T00:37:46Z", "token_id": "77275020519117476392252162482053003018718756533700410205853872084141713559998", "transaction_hash": "0x71f371d44403d6d3d788cbb6b8535a25f0436bdf88cf665d3a624a204fd069d3"}, {"condition_id": "0x9fd1dc171c922192e9f1ca0df99f741f72d6aecacd9f8ad766c146f10158b8b0", "id": "0xb12fffac6c93dc33ae2806ac3b92d2cea40165128d8cd3fee5272c87ee58bc1c_0x4ff0ac9273816a7f144090c5ede15a65b72e7fda5bcb49c69a359231b44aa50c", "outcome": "Colorado Rockies", "price": 0.52, "proxy_wallet": "0xa8e089ade142c95538e06196e09c85681112ad50", "side": "BUY", "size": 100, "slug": "mlb-mia-col-2026-07-01-spread-away-1pt5", "timestamp": "2026-07-02T00:37:43Z", "token_id": "63906262158994574162168274401573059149015492076928440165017217317797378305468", "transaction_hash": "0xb12fffac6c93dc33ae2806ac3b92d2cea40165128d8cd3fee5272c87ee58bc1c"}, {"condition_id": "0x9fd1dc171c922192e9f1ca0df99f741f72d6aecacd9f8ad766c146f10158b8b0", "id": "0x2a7c9f6db806012bd2d0aaec4cba0eaf0c618c1f44bcbf2ba12604b78db425d0_0x4ff0ac9273816a7f144090c5ede15a65b72e7fda5bcb49c69a359231b44aa50c", "outcome": "Colorado Rockies", "price": 0.52, "proxy_wallet": "0xa8e089ade142c95538e06196e09c85681112ad50", "side": "BUY", "size": 20.15, "slug": "mlb-mia-col-2026-07-01-spread-away-1pt5", "timestamp": "2026-07-02T00:37:43Z", "token_id": "63906262158994574162168274401573059149015492076928440165017217317797378305468", "transaction_hash": "0x2a7c9f6db806012bd2d0aaec4cba0eaf0c618c1f44bcbf2ba12604b78db425d0"}, {"condition_id": "0x9fd1dc171c922192e9f1ca0df99f741f72d6aecacd9f8ad766c146f10158b8b0", "id": "0xcabe982f1c53b524bdea1e14de2f4cce959290d98e7172c2bfb81fa020d2db90_0x4ff0ac9273816a7f144090c5ede15a65b72e7fda5bcb49c69a359231b44aa50c", "outcome": "Colorado Rockies", "price": 0.52, "proxy_wallet": "0xa8e089ade142c95538e06196e09c85681112ad50", "side": "BUY", "size": 20.15, "slug": "mlb-mia-col-2026-07-01-spread-away-1pt5", "timestamp": "2026-07-02T00:37:35Z", "token_id": "63906262158994574162168274401573059149015492076928440165017217317797378305468", "transaction_hash": "0xcabe982f1c53b524bdea1e14de2f4cce959290d98e7172c2bfb81fa020d2db90"}, {"condition_id": "0x503cc08c1fcff5bcca91d07c143e87b3bddd68566445851e93db965e6a1a122d", "id": "0x5eaf575f1b545c318834d424cab42f6b89a8e0597968ea85dcb98ca507970a2f_0xad9ef03c1e9ce058d8c01c5571499a881c78a783ed86a6e13f1b8e76e8625b0e", "outcome": "Colorado Rockies", "price": 0.43, "proxy_wallet": "0xa8e089ade142c95538e06196e09c85681112ad50", "side": "BUY", "size": 85.62, "slug": "mlb-mia-col-2026-07-01", "timestamp": "2026-07-02T00:37:22Z", "token_id": "77275020519117476392252162482053003018718756533700410205853872084141713559998", "transaction_hash": "0x5eaf575f1b545c318834d424cab42f6b89a8e0597968ea85dcb98ca507970a2f"}, {"condition_id": "0x9fd1dc171c922192e9f1ca0df99f741f72d6aecacd9f8ad766c146f10158b8b0", "id": "0x54cdf5f29fb2e5491aef62ee9467ad46e480a22392c5a97825edb93baa8ff824_0x4ff0ac9273816a7f144090c5ede15a65b72e7fda5bcb49c69a359231b44aa50c", "outcome": "Colorado Rockies", "price": 0.52, "proxy_wallet": "0xa8e089ade142c95538e06196e09c85681112ad50", "side": "BUY", "size": 80, "slug": "mlb-mia-col-2026-07-01-spread-away-1pt5", "timestamp": "2026-07-02T00:37:19Z", "token_id": "63906262158994574162168274401573059149015492076928440165017217317797378305468", "transaction_hash": "0x54cdf5f29fb2e5491aef62ee9467ad46e480a22392c5a97825edb93baa8ff824"}, {"condition_id": "0x503cc08c1fcff5bcca91d07c143e87b3bddd68566445851e93db965e6a1a122d", "id": "0xd05a75bff4109ce30ed3bd9d266ec014bb0ffb4e84238cc3025e552cabea75bd_0xad9ef03c1e9ce058d8c01c5571499a881c78a783ed86a6e13f1b8e76e8625b0e", "outcome": "Colorado Rockies", "price": 0.43, "proxy_wallet": "0xa8e089ade142c95538e06196e09c85681112ad50", "side": "BUY", "size": 17.12, "slug": "mlb-mia-col-2026-07-01", "timestamp": "2026-07-02T00:37:10Z", "token_id": "77275020519117476392252162482053003018718756533700410205853872084141713559998", "transaction_hash": "0xd05a75bff4109ce30ed3bd9d266ec014bb0ffb4e84238cc3025e552cabea75bd"}, {"condition_id": "0x9fd1dc171c922192e9f1ca0df99f741f72d6aecacd9f8ad766c146f10158b8b0", "id": "0x310b41b32f24991cb357247f4013a73ab0f000b4d1b09b18198b7362dc869471_0x4ff0ac9273816a7f144090c5ede15a65b72e7fda5bcb49c69a359231b44aa50c", "outcome": "Colorado Rockies", "price": 0.5199999999999999, "proxy_wallet": "0xa8e089ade142c95538e06196e09c85681112ad50", "side": "BUY", "size": 355.66, "slug": "mlb-mia-col-2026-07-01-spread-away-1pt5", "timestamp": "2026-07-02T00:37:05Z", "token_id": "63906262158994574162168274401573059149015492076928440165017217317797378305468", "transaction_hash": "0x310b41b32f24991cb357247f4013a73ab0f000b4d1b09b18198b7362dc869471"}, {"condition_id": "0x503cc08c1fcff5bcca91d07c143e87b3bddd68566445851e93db965e6a1a122d", "id": "0x014f82fdf58e30d2d0d5dcfdd62cceb7bdbf62ec9076993f3c535deb22a5abf1_0xad9ef03c1e9ce058d8c01c5571499a881c78a783ed86a6e13f1b8e76e8625b0e", "outcome": "Colorado Rockies", "price": 0.43, "proxy_wallet": "0xa8e089ade142c95538e06196e09c85681112ad50", "side": "BUY", "size": 102.75, "slug": "mlb-mia-col-2026-07-01", "timestamp": "2026-07-02T00:37:02Z", "token_id": "77275020519117476392252162482053003018718756533700410205853872084141713559998", "transaction_hash": "0x014f82fdf58e30d2d0d5dcfdd62cceb7bdbf62ec9076993f3c535deb22a5abf1"}, {"condition_id": "0x9fd1dc171c922192e9f1ca0df99f741f72d6aecacd9f8ad766c146f10158b8b0", "id": "0x8bd526f99dfcad5167bb56cbe406f59f9034bf915b10241a1fce552f7cb0bfb9_0x4ff0ac9273816a7f144090c5ede15a65b72e7fda5bcb49c69a359231b44aa50c", "outcome": "Colorado Rockies", "price": 0.52, "proxy_wallet": "0xa8e089ade142c95538e06196e09c85681112ad50", "side": "BUY", "size": 31.25, "slug": "mlb-mia-col-2026-07-01-spread-away-1pt5", "timestamp": "2026-07-02T00:36:56Z", "token_id": "63906262158994574162168274401573059149015492076928440165017217317797378305468", "transaction_hash": "0x8bd526f99dfcad5167bb56cbe406f59f9034bf915b10241a1fce552f7cb0bfb9"}, {"condition_id": "0x503cc08c1fcff5bcca91d07c143e87b3bddd68566445851e93db965e6a1a122d", "id": "0xe9dd6b2514eaa31b5de075513d6e40068c61d95b8c53f7548e64299b24e9e88f_0xad9ef03c1e9ce058d8c01c5571499a881c78a783ed86a6e13f1b8e76e8625b0e", "outcome": "Colorado Rockies", "price": 0.42999999999999994, "proxy_wallet": "0xa8e089ade142c95538e06196e09c85681112ad50", "side": "BUY", "size": 861.33, "slug": "mlb-mia-col-2026-07-01", "timestamp": "2026-07-02T00:36:56Z", "token_id": "77275020519117476392252162482053003018718756533700410205853872084141713559998", "transaction_hash": "0xe9dd6b2514eaa31b5de075513d6e40068c61d95b8c53f7548e64299b24e9e88f"}, {"condition_id": "0x503cc08c1fcff5bcca91d07c143e87b3bddd68566445851e93db965e6a1a122d", "id": "0x3c5a4f1919392287965eb5655995c3b4ce25869fbea1db4cd4397049e31c4ead_0xad9ef03c1e9ce058d8c01c5571499a881c78a783ed86a6e13f1b8e76e8625b0e", "outcome": "Colorado Rockies", "price": 0.43, "proxy_wallet": "0xa8e089ade142c95538e06196e09c85681112ad50", "side": "BUY", "size": 24.17, "slug": "mlb-mia-col-2026-07-01", "timestamp": "2026-07-02T00:36:53Z", "token_id": "77275020519117476392252162482053003018718756533700410205853872084141713559998", "transaction_hash": "0x3c5a4f1919392287965eb5655995c3b4ce25869fbea1db4cd4397049e31c4ead"}, {"condition_id": "0x503cc08c1fcff5bcca91d07c143e87b3bddd68566445851e93db965e6a1a122d", "id": "0x3e0187c7f0455ad6c0bc994967535a5a63ef2e3c12d0889d36bc10334dfe55fb_0xad9ef03c1e9ce058d8c01c5571499a881c78a783ed86a6e13f1b8e76e8625b0e", "outcome": "Colorado Rockies", "price": 0.43, "proxy_wallet": "0xa8e089ade142c95538e06196e09c85681112ad50", "side": "BUY", "size": 3.02, "slug": "mlb-mia-col-2026-07-01", "timestamp": "2026-07-02T00:36:46Z", "token_id": "77275020519117476392252162482053003018718756533700410205853872084141713559998", "transaction_hash": "0x3e0187c7f0455ad6c0bc994967535a5a63ef2e3c12d0889d36bc10334dfe55fb"}, {"condition_id": "0x503cc08c1fcff5bcca91d07c143e87b3bddd68566445851e93db965e6a1a122d", "id": "0x06fbba7398f3104734549c3b3e80d24fbec3c10c3456336ea13298f9c0b5e34c_0xad9ef03c1e9ce058d8c01c5571499a881c78a783ed86a6e13f1b8e76e8625b0e", "outcome": "Colorado Rockies", "price": 0.43, "proxy_wallet": "0xa8e089ade142c95538e06196e09c85681112ad50", "side": "BUY", "size": 47.34, "slug": "mlb-mia-col-2026-07-01", "timestamp": "2026-07-02T00:36:44Z", "token_id": "77275020519117476392252162482053003018718756533700410205853872084141713559998", "transaction_hash": "0x06fbba7398f3104734549c3b3e80d24fbec3c10c3456336ea13298f9c0b5e34c"}, {"condition_id": "0x503cc08c1fcff5bcca91d07c143e87b3bddd68566445851e93db965e6a1a122d", "id": "0x9d44145bb86f7f6ae540c344eb16c6b529069d4beb99f5783e98136e6029ce20_0xad9ef03c1e9ce058d8c01c5571499a881c78a783ed86a6e13f1b8e76e8625b0e", "outcome": "Colorado Rockies", "price": 0.43, "proxy_wallet": "0xa8e089ade142c95538e06196e09c85681112ad50", "side": "BUY", "size": 154.13, "slug": "mlb-mia-col-2026-07-01", "timestamp": "2026-07-02T00:36:43Z", "token_id": "77275020519117476392252162482053003018718756533700410205853872084141713559998", "transaction_hash": "0x9d44145bb86f7f6ae540c344eb16c6b529069d4beb99f5783e98136e6029ce20"}, {"condition_id": "0x503cc08c1fcff5bcca91d07c143e87b3bddd68566445851e93db965e6a1a122d", "id": "0x860e17611e440c026a571fb75278a59f913176b708c4b2cdfbb825a4bf334f05_0xad9ef03c1e9ce058d8c01c5571499a881c78a783ed86a6e13f1b8e76e8625b0e", "outcome": "Colorado Rockies", "price": 0.43, "proxy_wallet": "0xa8e089ade142c95538e06196e09c85681112ad50", "side": "BUY", "size": 5.03, "slug": "mlb-mia-col-2026-07-01", "timestamp": "2026-07-02T00:36:34Z", "token_id": "77275020519117476392252162482053003018718756533700410205853872084141713559998", "transaction_hash": "0x860e17611e440c026a571fb75278a59f913176b708c4b2cdfbb825a4bf334f05"}, {"condition_id": "0x9fd1dc171c922192e9f1ca0df99f741f72d6aecacd9f8ad766c146f10158b8b0", "id": "0xea056570e566c40738c0e27570d9a187765da3c69c340a6186a5c43d3b605bb0_0x4ff0ac9273816a7f144090c5ede15a65b72e7fda5bcb49c69a359231b44aa50c", "outcome": "Colorado Rockies", "price": 0.5199999999999999, "proxy_wallet": "0xa8e089ade142c95538e06196e09c85681112ad50", "side": "BUY", "size": 10419.01, "slug": "mlb-mia-col-2026-07-01-spread-away-1pt5", "timestamp": "2026-07-02T00:36:31Z", "token_id": "63906262158994574162168274401573059149015492076928440165017217317797378305468", "transaction_hash": "0xea056570e566c40738c0e27570d9a187765da3c69c340a6186a5c43d3b605bb0"}, {"condition_id": "0x503cc08c1fcff5bcca91d07c143e87b3bddd68566445851e93db965e6a1a122d", "id": "0x7d931ab812b9b161847d389786a52da68277b248247b3fc6c9350136585078a0_0xad9ef03c1e9ce058d8c01c5571499a881c78a783ed86a6e13f1b8e76e8625b0e", "outcome": "Colorado Rockies", "price": 0.43, "proxy_wallet": "0xa8e089ade142c95538e06196e09c85681112ad50", "side": "BUY", "size": 49.36, "slug": "mlb-mia-col-2026-07-01", "timestamp": "2026-07-02T00:36:26Z", "token_id": "77275020519117476392252162482053003018718756533700410205853872084141713559998", "transaction_hash": "0x7d931ab812b9b161847d389786a52da68277b248247b3fc6c9350136585078a0"}, {"condition_id": "0x503cc08c1fcff5bcca91d07c143e87b3bddd68566445851e93db965e6a1a122d", "id": "0x8b4e5b95a8b6189504a65b4c4cf49badb41ecb5a21d1f73c241b97cc6a6dee01_0xad9ef03c1e9ce058d8c01c5571499a881c78a783ed86a6e13f1b8e76e8625b0e", "outcome": "Colorado Rockies", "price": 0.43, "proxy_wallet": "0xa8e089ade142c95538e06196e09c85681112ad50", "side": "BUY", "size": 17.12, "slug": "mlb-mia-col-2026-07-01", "timestamp": "2026-07-02T00:36:13Z", "token_id": "77275020519117476392252162482053003018718756533700410205853872084141713559998", "transaction_hash": "0x8b4e5b95a8b6189504a65b4c4cf49badb41ecb5a21d1f73c241b97cc6a6dee01"}, {"condition_id": "0x503cc08c1fcff5bcca91d07c143e87b3bddd68566445851e93db965e6a1a122d", "id": "0xf18ec576a815cbccf4fdf4cf83297451cc0697107e5531df2a294575f052e3a3_0xad9ef03c1e9ce058d8c01c5571499a881c78a783ed86a6e13f1b8e76e8625b0e", "outcome": "Colorado Rockies", "price": 0.43, "proxy_wallet": "0xa8e089ade142c95538e06196e09c85681112ad50", "side": "BUY", "size": 42.31, "slug": "mlb-mia-col-2026-07-01", "timestamp": "2026-07-02T00:36:11Z", "token_id": "77275020519117476392252162482053003018718756533700410205853872084141713559998", "transaction_hash": "0xf18ec576a815cbccf4fdf4cf83297451cc0697107e5531df2a294575f052e3a3"}, {"condition_id": "0x503cc08c1fcff5bcca91d07c143e87b3bddd68566445851e93db965e6a1a122d", "id": "0x0e22915ac70ca966071543ec5d9f6c40d37e335ae14632593ae79ef1bebf4ba2_0xad9ef03c1e9ce058d8c01c5571499a881c78a783ed86a6e13f1b8e76e8625b0e", "outcome": "Colorado Rockies", "price": 0.42999999999999994, "proxy_wallet": "0xa8e089ade142c95538e06196e09c85681112ad50", "side": "BUY", "size": 8.05, "slug": "mlb-mia-col-2026-07-01", "timestamp": "2026-07-02T00:36:10Z", "token_id": "77275020519117476392252162482053003018718756533700410205853872084141713559998", "transaction_hash": "0x0e22915ac70ca966071543ec5d9f6c40d37e335ae14632593ae79ef1bebf4ba2"}, {"condition_id": "0x503cc08c1fcff5bcca91d07c143e87b3bddd68566445851e93db965e6a1a122d", "id": "0x164d8d800ac0ce63215a79fc26890844cb6c489a230aee75fb4f5397f9d4fcb4_0xad9ef03c1e9ce058d8c01c5571499a881c78a783ed86a6e13f1b8e76e8625b0e", "outcome": "Colorado Rockies", "price": 0.43000000480529926, "proxy_wallet": "0xa8e089ade142c95538e06196e09c85681112ad50", "side": "BUY", "size": 43.701753, "slug": "mlb-mia-col-2026-07-01", "timestamp": "2026-07-02T00:36:08Z", "token_id": "77275020519117476392252162482053003018718756533700410205853872084141713559998", "transaction_hash": "0x164d8d800ac0ce63215a79fc26890844cb6c489a230aee75fb4f5397f9d4fcb4"}, {"condition_id": "0x503cc08c1fcff5bcca91d07c143e87b3bddd68566445851e93db965e6a1a122d", "id": "0x178d88dfce30b9bc651b1568c9b9d2b3967cf42c9e234bc0aad38df5c2281cfd_0xad9ef03c1e9ce058d8c01c5571499a881c78a783ed86a6e13f1b8e76e8625b0e", "outcome": "Colorado Rockies", "price": 0.42999999999999994, "proxy_wallet": "0xa8e089ade142c95538e06196e09c85681112ad50", "side": "BUY", "size": 1722.66, "slug": "mlb-mia-col-2026-07-01", "timestamp": "2026-07-02T00:36:08Z", "token_id": "77275020519117476392252162482053003018718756533700410205853872084141713559998", "transaction_hash": "0x178d88dfce30b9bc651b1568c9b9d2b3967cf42c9e234bc0aad38df5c2281cfd"}, {"condition_id": "0x9fd1dc171c922192e9f1ca0df99f741f72d6aecacd9f8ad766c146f10158b8b0", "id": "0xf3451326de534ef984b92c2cd7735c9d01bfec19ce6aaef9a90e8dc15b8c063b_0x4ff0ac9273816a7f144090c5ede15a65b72e7fda5bcb49c69a359231b44aa50c", "outcome": "Colorado Rockies", "price": 0.52, "proxy_wallet": "0xa8e089ade142c95538e06196e09c85681112ad50", "side": "BUY", "size": 45.4375, "slug": "mlb-mia-col-2026-07-01-spread-away-1pt5", "timestamp": "2026-07-02T00:36:07Z", "token_id": "63906262158994574162168274401573059149015492076928440165017217317797378305468", "transaction_hash": "0xf3451326de534ef984b92c2cd7735c9d01bfec19ce6aaef9a90e8dc15b8c063b"}, {"condition_id": "0x503cc08c1fcff5bcca91d07c143e87b3bddd68566445851e93db965e6a1a122d", "id": "0x9a8566bc2a7a7e6504ef5690ff33db0515f117e9eb81f2396fcc22970f9a7896_0xad9ef03c1e9ce058d8c01c5571499a881c78a783ed86a6e13f1b8e76e8625b0e", "outcome": "Colorado Rockies", "price": 0.42999999999999994, "proxy_wallet": "0xa8e089ade142c95538e06196e09c85681112ad50", "side": "BUY", "size": 861.33, "slug": "mlb-mia-col-2026-07-01", "timestamp": "2026-07-02T00:35:50Z", "token_id": "77275020519117476392252162482053003018718756533700410205853872084141713559998", "transaction_hash": "0x9a8566bc2a7a7e6504ef5690ff33db0515f117e9eb81f2396fcc22970f9a7896"}, {"condition_id": "0x503cc08c1fcff5bcca91d07c143e87b3bddd68566445851e93db965e6a1a122d", "id": "0x6ab070c2fe4c96070faa038dc85cf3e5f9f8588269b4e0f12d85d7b0798479b4_0xad9ef03c1e9ce058d8c01c5571499a881c78a783ed86a6e13f1b8e76e8625b0e", "outcome": "Colorado Rockies", "price": 0.43, "proxy_wallet": "0xa8e089ade142c95538e06196e09c85681112ad50", "side": "BUY", "size": 5.03, "slug": "mlb-mia-col-2026-07-01", "timestamp": "2026-07-02T00:35:46Z", "token_id": "77275020519117476392252162482053003018718756533700410205853872084141713559998", "transaction_hash": "0x6ab070c2fe4c96070faa038dc85cf3e5f9f8588269b4e0f12d85d7b0798479b4"}, {"condition_id": "0x503cc08c1fcff5bcca91d07c143e87b3bddd68566445851e93db965e6a1a122d", "id": "0xa1e1c584fb996c140bcaef7e2d0980c1529e7babca5255039b33ed819623838e_0xad9ef03c1e9ce058d8c01c5571499a881c78a783ed86a6e13f1b8e76e8625b0e", "outcome": "Colorado Rockies", "price": 0.43, "proxy_wallet": "0xa8e089ade142c95538e06196e09c85681112ad50", "side": "BUY", "size": 85.62, "slug": "mlb-mia-col-2026-07-01", "timestamp": "2026-07-02T00:35:41Z", "token_id": "77275020519117476392252162482053003018718756533700410205853872084141713559998", "transaction_hash": "0xa1e1c584fb996c140bcaef7e2d0980c1529e7babca5255039b33ed819623838e"}], "polled_at": "2026-07-02T01:49:24.253595+00:00"}