{"wallet": "0xc8075693f48668a264b9fa313b47f52712fcc12b", "total_trades_90d": 200, "mlb_trades_count": 50, "mlb_condition_ids": ["0x036b0c654502bb269410e8353735575a9203fc24acb8a321b6945c9d7ef7f25f", "0x3e47e9ab777735fd1dae04df35e34536c38cbd4a01f173eb1acee0ce88b80c13", "0x503cc08c1fcff5bcca91d07c143e87b3bddd68566445851e93db965e6a1a122d", "0x9393dfde27f17a0ff4feb8e0b2ec374b823be80363257525262154d8b498c50b"], "mlb_trade_details": [{"condition_id": "0x503cc08c1fcff5bcca91d07c143e87b3bddd68566445851e93db965e6a1a122d", "id": "0x3a1ecea492f1dedff9874d7aa5cbcae7eba6cefd61c5b28a9104aaae8cb78830_0x4f7f83c03eec1a3524413926ba22ccce321f742c16b43c9f13999cda4b8bccee", "outcome": "Colorado Rockies", "price": 0.42999999999999994, "proxy_wallet": "0xc8075693f48668a264b9fa313b47f52712fcc12b", "side": "BUY", "size": 26.19, "slug": "mlb-mia-col-2026-07-01", "timestamp": "2026-07-02T00:39:10Z", "token_id": "77275020519117476392252162482053003018718756533700410205853872084141713559998", "transaction_hash": "0x3a1ecea492f1dedff9874d7aa5cbcae7eba6cefd61c5b28a9104aaae8cb78830"}, {"condition_id": "0x503cc08c1fcff5bcca91d07c143e87b3bddd68566445851e93db965e6a1a122d", "id": "0x43fa390944f970a65b24ea839a60ec0c25f5f3fcb169eccc6731b0036e2f3ce3_0x4f7f83c03eec1a3524413926ba22ccce321f742c16b43c9f13999cda4b8bccee", "outcome": "Colorado Rockies", "price": 0.43, "proxy_wallet": "0xc8075693f48668a264b9fa313b47f52712fcc12b", "side": "BUY", "size": 172.26, "slug": "mlb-mia-col-2026-07-01", "timestamp": "2026-07-02T00:39:10Z", "token_id": "77275020519117476392252162482053003018718756533700410205853872084141713559998", "transaction_hash": "0x43fa390944f970a65b24ea839a60ec0c25f5f3fcb169eccc6731b0036e2f3ce3"}, {"condition_id": "0x503cc08c1fcff5bcca91d07c143e87b3bddd68566445851e93db965e6a1a122d", "id": "0x8b1720ea96619d0e6f0da2b04a49e1ea1327eddc58be73cd4858f35537441ae7_0x4f7f83c03eec1a3524413926ba22ccce321f742c16b43c9f13999cda4b8bccee", "outcome": "Colorado Rockies", "price": 0.43000000085500006, "proxy_wallet": "0xc8075693f48668a264b9fa313b47f52712fcc12b", "side": "BUY", "size": 175.438595, "slug": "mlb-mia-col-2026-07-01", "timestamp": "2026-07-02T00:39:08Z", "token_id": "77275020519117476392252162482053003018718756533700410205853872084141713559998", "transaction_hash": "0x8b1720ea96619d0e6f0da2b04a49e1ea1327eddc58be73cd4858f35537441ae7"}, {"condition_id": "0x503cc08c1fcff5bcca91d07c143e87b3bddd68566445851e93db965e6a1a122d", "id": "0x0347e8c8189b5665f7645e10e8f8205c1971596cac86f82b63365c8e0e7fb113_0x4f7f83c03eec1a3524413926ba22ccce321f742c16b43c9f13999cda4b8bccee", "outcome": "Colorado Rockies", "price": 0.43, "proxy_wallet": "0xc8075693f48668a264b9fa313b47f52712fcc12b", "side": "BUY", "size": 76133.02, "slug": "mlb-mia-col-2026-07-01", "timestamp": "2026-07-02T00:39:04Z", "token_id": "77275020519117476392252162482053003018718756533700410205853872084141713559998", "transaction_hash": "0x0347e8c8189b5665f7645e10e8f8205c1971596cac86f82b63365c8e0e7fb113"}, {"condition_id": "0x3e47e9ab777735fd1dae04df35e34536c38cbd4a01f173eb1acee0ce88b80c13", "id": "0xea479881d1726f6ca8a5e218e4a2ca7efbaccf0aa3a79e77ba6c3a1e8c45e75a_0x16014fbcb13af34dea7ede314695a2ae509ea81a724bd3a5b761da21539cae26", "outcome": "Houston Astros", "price": 0.5800001764001023, "proxy_wallet": "0xc8075693f48668a264b9fa313b47f52712fcc12b", "side": "BUY", "size": 2.380951, "slug": "mlb-min-hou-2026-07-01", "timestamp": "2026-07-02T00:02:01Z", "token_id": "79631088649261138787540203435937411982125789136915870373394273596147449567397", "transaction_hash": "0xea479881d1726f6ca8a5e218e4a2ca7efbaccf0aa3a79e77ba6c3a1e8c45e75a"}, {"condition_id": "0x3e47e9ab777735fd1dae04df35e34536c38cbd4a01f173eb1acee0ce88b80c13", "id": "0xc48aae7e2fabe32947159b56d274f8578eabd3d3164a0f60494a70ff49b1e94f_0x16014fbcb13af34dea7ede314695a2ae509ea81a724bd3a5b761da21539cae26", "outcome": "Houston Astros", "price": 0.58, "proxy_wallet": "0xc8075693f48668a264b9fa313b47f52712fcc12b", "side": "BUY", "size": 5, "slug": "mlb-min-hou-2026-07-01", "timestamp": "2026-07-02T00:00:17Z", "token_id": "79631088649261138787540203435937411982125789136915870373394273596147449567397", "transaction_hash": "0xc48aae7e2fabe32947159b56d274f8578eabd3d3164a0f60494a70ff49b1e94f"}, {"condition_id": "0x3e47e9ab777735fd1dae04df35e34536c38cbd4a01f173eb1acee0ce88b80c13", "id": "0x99ab88084d19ac660c61e49bab6cb957bf20f1f7b79eea10f3d442404ce9c011_0x16014fbcb13af34dea7ede314695a2ae509ea81a724bd3a5b761da21539cae26", "outcome": "Houston Astros", "price": 0.5800000007199999, "proxy_wallet": "0xc8075693f48668a264b9fa313b47f52712fcc12b", "side": "BUY", "size": 416.666665, "slug": "mlb-min-hou-2026-07-01", "timestamp": "2026-07-01T23:56:14Z", "token_id": "79631088649261138787540203435937411982125789136915870373394273596147449567397", "transaction_hash": "0x99ab88084d19ac660c61e49bab6cb957bf20f1f7b79eea10f3d442404ce9c011"}, {"condition_id": "0x3e47e9ab777735fd1dae04df35e34536c38cbd4a01f173eb1acee0ce88b80c13", "id": "0x4dd60cb1b0d4c96bc993434d27e9af97a82f3fa7a210ba3b8b8a578432cc0848_0x16014fbcb13af34dea7ede314695a2ae509ea81a724bd3a5b761da21539cae26", "outcome": "Houston Astros", "price": 0.5800000038024693, "proxy_wallet": "0xc8075693f48668a264b9fa313b47f52712fcc12b", "side": "BUY", "size": 57.857141, "slug": "mlb-min-hou-2026-07-01", "timestamp": "2026-07-01T23:55:49Z", "token_id": "79631088649261138787540203435937411982125789136915870373394273596147449567397", "transaction_hash": "0x4dd60cb1b0d4c96bc993434d27e9af97a82f3fa7a210ba3b8b8a578432cc0848"}, {"condition_id": "0x3e47e9ab777735fd1dae04df35e34536c38cbd4a01f173eb1acee0ce88b80c13", "id": "0x1a9d44ce8b5519c8f1955436c19d1a46f7f1b812e891f51e479fe428a3176c87_0x16014fbcb13af34dea7ede314695a2ae509ea81a724bd3a5b761da21539cae26", "outcome": "Houston Astros", "price": 0.5800000450000112, "proxy_wallet": "0xc8075693f48668a264b9fa313b47f52712fcc12b", "side": "BUY", "size": 6.666665, "slug": "mlb-min-hou-2026-07-01", "timestamp": "2026-07-01T23:55:26Z", "token_id": "79631088649261138787540203435937411982125789136915870373394273596147449567397", "transaction_hash": "0x1a9d44ce8b5519c8f1955436c19d1a46f7f1b812e891f51e479fe428a3176c87"}, {"condition_id": "0x9393dfde27f17a0ff4feb8e0b2ec374b823be80363257525262154d8b498c50b", "id": "0x1f954311897ce33c13afb382adae98fa3b6970f37d5ce16afdc00688a789067b_0xe10781cb1f264a464cff55420406f8df7ce0ed3a027cd5429d09379fd3b6b7b3", "outcome": "Cincinnati Reds", "price": 0.5700000230474754, "proxy_wallet": "0xc8075693f48668a264b9fa313b47f52712fcc12b", "side": "BUY", "size": 15.186045, "slug": "mlb-cin-mil-2026-07-01-spread-home-1pt5", "timestamp": "2026-07-01T23:44:58Z", "token_id": "57668114927480591978383107160570828101135679487559437631013385731858602017640", "transaction_hash": "0x1f954311897ce33c13afb382adae98fa3b6970f37d5ce16afdc00688a789067b"}, {"condition_id": "0x3e47e9ab777735fd1dae04df35e34536c38cbd4a01f173eb1acee0ce88b80c13", "id": "0x44b9db0db56b44b33b9ba272cfaf04be9071d30f569fda1fea713dc0744dd5f3_0x16014fbcb13af34dea7ede314695a2ae509ea81a724bd3a5b761da21539cae26", "outcome": "Houston Astros", "price": 0.58, "proxy_wallet": "0xc8075693f48668a264b9fa313b47f52712fcc12b", "side": "BUY", "size": 7, "slug": "mlb-min-hou-2026-07-01", "timestamp": "2026-07-01T23:40:32Z", "token_id": "79631088649261138787540203435937411982125789136915870373394273596147449567397", "transaction_hash": "0x44b9db0db56b44b33b9ba272cfaf04be9071d30f569fda1fea713dc0744dd5f3"}, {"condition_id": "0x3e47e9ab777735fd1dae04df35e34536c38cbd4a01f173eb1acee0ce88b80c13", "id": "0x6eca06376d97603eed44247911602bd0581fa5a1ce43915b8e12ddcede1094e2_0x16014fbcb13af34dea7ede314695a2ae509ea81a724bd3a5b761da21539cae26", "outcome": "Houston Astros", "price": 0.58, "proxy_wallet": "0xc8075693f48668a264b9fa313b47f52712fcc12b", "side": "BUY", "size": 11, "slug": "mlb-min-hou-2026-07-01", "timestamp": "2026-07-01T23:40:20Z", "token_id": "79631088649261138787540203435937411982125789136915870373394273596147449567397", "transaction_hash": "0x6eca06376d97603eed44247911602bd0581fa5a1ce43915b8e12ddcede1094e2"}, {"condition_id": "0x036b0c654502bb269410e8353735575a9203fc24acb8a321b6945c9d7ef7f25f", "id": "0x60df5e80ad96176d378a707a7392fb3ba72942baa1adf49f28a5bf135172b7ae_0xf425a92e5400562f547dacca8940274bd4831b5e803868f6a0f5bc9ecc7f1ffa", "outcome": "Tampa Bay Rays", "price": 0.5700000000000001, "proxy_wallet": "0xc8075693f48668a264b9fa313b47f52712fcc12b", "side": "BUY", "size": 5, "slug": "mlb-tb-kc-2026-07-01", "timestamp": "2026-07-01T23:39:56Z", "token_id": "40790751814144901788779780161768084552835822185953930666670964684954911865209", "transaction_hash": "0x60df5e80ad96176d378a707a7392fb3ba72942baa1adf49f28a5bf135172b7ae"}, {"condition_id": "0x3e47e9ab777735fd1dae04df35e34536c38cbd4a01f173eb1acee0ce88b80c13", "id": "0x957982cfdc9d7521b54346ee89ef0d362f09c741dc915910adbdb09b7ac4136a_0x16014fbcb13af34dea7ede314695a2ae509ea81a724bd3a5b761da21539cae26", "outcome": "Houston Astros", "price": 0.58, "proxy_wallet": "0xc8075693f48668a264b9fa313b47f52712fcc12b", "side": "BUY", "size": 5, "slug": "mlb-min-hou-2026-07-01", "timestamp": "2026-07-01T23:39:17Z", "token_id": "79631088649261138787540203435937411982125789136915870373394273596147449567397", "transaction_hash": "0x957982cfdc9d7521b54346ee89ef0d362f09c741dc915910adbdb09b7ac4136a"}, {"condition_id": "0x9393dfde27f17a0ff4feb8e0b2ec374b823be80363257525262154d8b498c50b", "id": "0xb74c2d3e9e2fa731ef07bc9f430f7cb8574589bf36003bd0f5765218ff65ef95_0xe10781cb1f264a464cff55420406f8df7ce0ed3a027cd5429d09379fd3b6b7b3", "outcome": "Cincinnati Reds", "price": 0.5700000000000001, "proxy_wallet": "0xc8075693f48668a264b9fa313b47f52712fcc12b", "side": "BUY", "size": 56.41, "slug": "mlb-cin-mil-2026-07-01-spread-home-1pt5", "timestamp": "2026-07-01T23:37:44Z", "token_id": "57668114927480591978383107160570828101135679487559437631013385731858602017640", "transaction_hash": "0xb74c2d3e9e2fa731ef07bc9f430f7cb8574589bf36003bd0f5765218ff65ef95"}, {"condition_id": "0x9393dfde27f17a0ff4feb8e0b2ec374b823be80363257525262154d8b498c50b", "id": "0xf261d1c569218c5d95ffbf25ed99d62421c637952cf71374e8b0417b0daa1b9b_0xe10781cb1f264a464cff55420406f8df7ce0ed3a027cd5429d09379fd3b6b7b3", "outcome": "Cincinnati Reds", "price": 0.5700000000000001, "proxy_wallet": "0xc8075693f48668a264b9fa313b47f52712fcc12b", "side": "BUY", "size": 13, "slug": "mlb-cin-mil-2026-07-01-spread-home-1pt5", "timestamp": "2026-07-01T23:36:58Z", "token_id": "57668114927480591978383107160570828101135679487559437631013385731858602017640", "transaction_hash": "0xf261d1c569218c5d95ffbf25ed99d62421c637952cf71374e8b0417b0daa1b9b"}, {"condition_id": "0x9393dfde27f17a0ff4feb8e0b2ec374b823be80363257525262154d8b498c50b", "id": "0xa8aa91c7a35ee2878d15ca19b17cd892e57567c73b0f2dc5747a80e4e2f9dd9c_0xe10781cb1f264a464cff55420406f8df7ce0ed3a027cd5429d09379fd3b6b7b3", "outcome": "Cincinnati Reds", "price": 0.5700000000000001, "proxy_wallet": "0xc8075693f48668a264b9fa313b47f52712fcc12b", "side": "BUY", "size": 13, "slug": "mlb-cin-mil-2026-07-01-spread-home-1pt5", "timestamp": "2026-07-01T23:36:56Z", "token_id": "57668114927480591978383107160570828101135679487559437631013385731858602017640", "transaction_hash": "0xa8aa91c7a35ee2878d15ca19b17cd892e57567c73b0f2dc5747a80e4e2f9dd9c"}, {"condition_id": "0x9393dfde27f17a0ff4feb8e0b2ec374b823be80363257525262154d8b498c50b", "id": "0x4d8cdfbfe2ecd102136027fb4293f594ade5c10d19951491af8af55b16217ec4_0xe10781cb1f264a464cff55420406f8df7ce0ed3a027cd5429d09379fd3b6b7b3", "outcome": "Cincinnati Reds", "price": 0.57, "proxy_wallet": "0xc8075693f48668a264b9fa313b47f52712fcc12b", "side": "BUY", "size": 11, "slug": "mlb-cin-mil-2026-07-01-spread-home-1pt5", "timestamp": "2026-07-01T23:36:44Z", "token_id": "57668114927480591978383107160570828101135679487559437631013385731858602017640", "transaction_hash": "0x4d8cdfbfe2ecd102136027fb4293f594ade5c10d19951491af8af55b16217ec4"}, {"condition_id": "0x9393dfde27f17a0ff4feb8e0b2ec374b823be80363257525262154d8b498c50b", "id": "0x3978585ffc6b708d352f635b3e56c10a8d921725ff5ed35dd38497b86867434a_0xe10781cb1f264a464cff55420406f8df7ce0ed3a027cd5429d09379fd3b6b7b3", "outcome": "Cincinnati Reds", "price": 0.57, "proxy_wallet": "0xc8075693f48668a264b9fa313b47f52712fcc12b", "side": "BUY", "size": 11, "slug": "mlb-cin-mil-2026-07-01-spread-home-1pt5", "timestamp": "2026-07-01T23:36:44Z", "token_id": "57668114927480591978383107160570828101135679487559437631013385731858602017640", "transaction_hash": "0x3978585ffc6b708d352f635b3e56c10a8d921725ff5ed35dd38497b86867434a"}, {"condition_id": "0x9393dfde27f17a0ff4feb8e0b2ec374b823be80363257525262154d8b498c50b", "id": "0xa9ea048a7ef3d2f7e40ba5f57c360a1439e600dae1807a036a0036db888f0d41_0xe10781cb1f264a464cff55420406f8df7ce0ed3a027cd5429d09379fd3b6b7b3", "outcome": "Cincinnati Reds", "price": 0.5700000000000001, "proxy_wallet": "0xc8075693f48668a264b9fa313b47f52712fcc12b", "side": "BUY", "size": 10, "slug": "mlb-cin-mil-2026-07-01-spread-home-1pt5", "timestamp": "2026-07-01T23:36:31Z", "token_id": "57668114927480591978383107160570828101135679487559437631013385731858602017640", "transaction_hash": "0xa9ea048a7ef3d2f7e40ba5f57c360a1439e600dae1807a036a0036db888f0d41"}, {"condition_id": "0x9393dfde27f17a0ff4feb8e0b2ec374b823be80363257525262154d8b498c50b", "id": "0xcfe54296f967111a215bfc57bb778801d947b1a6213590d91bda58156879cda7_0xe10781cb1f264a464cff55420406f8df7ce0ed3a027cd5429d09379fd3b6b7b3", "outcome": "Cincinnati Reds", "price": 0.5700000000000001, "proxy_wallet": "0xc8075693f48668a264b9fa313b47f52712fcc12b", "side": "BUY", "size": 10, "slug": "mlb-cin-mil-2026-07-01-spread-home-1pt5", "timestamp": "2026-07-01T23:36:31Z", "token_id": "57668114927480591978383107160570828101135679487559437631013385731858602017640", "transaction_hash": "0xcfe54296f967111a215bfc57bb778801d947b1a6213590d91bda58156879cda7"}, {"condition_id": "0x9393dfde27f17a0ff4feb8e0b2ec374b823be80363257525262154d8b498c50b", "id": "0x533ee44e6802fe3ecce20c0eb887755765fe57847ab599c3ae460bac37d5cbae_0xe10781cb1f264a464cff55420406f8df7ce0ed3a027cd5429d09379fd3b6b7b3", "outcome": "Cincinnati Reds", "price": 0.57, "proxy_wallet": "0xc8075693f48668a264b9fa313b47f52712fcc12b", "side": "BUY", "size": 11, "slug": "mlb-cin-mil-2026-07-01-spread-home-1pt5", "timestamp": "2026-07-01T23:36:17Z", "token_id": "57668114927480591978383107160570828101135679487559437631013385731858602017640", "transaction_hash": "0x533ee44e6802fe3ecce20c0eb887755765fe57847ab599c3ae460bac37d5cbae"}, {"condition_id": "0x9393dfde27f17a0ff4feb8e0b2ec374b823be80363257525262154d8b498c50b", "id": "0xafe964d1f37d1d9ba404142c7a6795d67adcf2777c8d93aadeea5df086bd76a8_0xe10781cb1f264a464cff55420406f8df7ce0ed3a027cd5429d09379fd3b6b7b3", "outcome": "Cincinnati Reds", "price": 0.57, "proxy_wallet": "0xc8075693f48668a264b9fa313b47f52712fcc12b", "side": "BUY", "size": 11, "slug": "mlb-cin-mil-2026-07-01-spread-home-1pt5", "timestamp": "2026-07-01T23:36:17Z", "token_id": "57668114927480591978383107160570828101135679487559437631013385731858602017640", "transaction_hash": "0xafe964d1f37d1d9ba404142c7a6795d67adcf2777c8d93aadeea5df086bd76a8"}, {"condition_id": "0x9393dfde27f17a0ff4feb8e0b2ec374b823be80363257525262154d8b498c50b", "id": "0x9dcf98460ba129a7027cb423134122693c6a81eef070c85137f3586e26a34e41_0xe10781cb1f264a464cff55420406f8df7ce0ed3a027cd5429d09379fd3b6b7b3", "outcome": "Cincinnati Reds", "price": 0.5700000000000001, "proxy_wallet": "0xc8075693f48668a264b9fa313b47f52712fcc12b", "side": "BUY", "size": 14, "slug": "mlb-cin-mil-2026-07-01-spread-home-1pt5", "timestamp": "2026-07-01T23:36:04Z", "token_id": "57668114927480591978383107160570828101135679487559437631013385731858602017640", "transaction_hash": "0x9dcf98460ba129a7027cb423134122693c6a81eef070c85137f3586e26a34e41"}, {"condition_id": "0x9393dfde27f17a0ff4feb8e0b2ec374b823be80363257525262154d8b498c50b", "id": "0xff0473b024491db7c6d485695cb490a43ab66eb283bd5c7f6c8bd29a646c7cf1_0xe10781cb1f264a464cff55420406f8df7ce0ed3a027cd5429d09379fd3b6b7b3", "outcome": "Cincinnati Reds", "price": 0.5700000000000001, "proxy_wallet": "0xc8075693f48668a264b9fa313b47f52712fcc12b", "side": "BUY", "size": 14, "slug": "mlb-cin-mil-2026-07-01-spread-home-1pt5", "timestamp": "2026-07-01T23:36:04Z", "token_id": "57668114927480591978383107160570828101135679487559437631013385731858602017640", "transaction_hash": "0xff0473b024491db7c6d485695cb490a43ab66eb283bd5c7f6c8bd29a646c7cf1"}, {"condition_id": "0x9393dfde27f17a0ff4feb8e0b2ec374b823be80363257525262154d8b498c50b", "id": "0x9f8adbf47c4e833a6d37418b67d3547a939e94b20e112c7ca51cec339a82848c_0xe10781cb1f264a464cff55420406f8df7ce0ed3a027cd5429d09379fd3b6b7b3", "outcome": "Cincinnati Reds", "price": 0.5700000000000001, "proxy_wallet": "0xc8075693f48668a264b9fa313b47f52712fcc12b", "side": "BUY", "size": 14, "slug": "mlb-cin-mil-2026-07-01-spread-home-1pt5", "timestamp": "2026-07-01T23:35:49Z", "token_id": "57668114927480591978383107160570828101135679487559437631013385731858602017640", "transaction_hash": "0x9f8adbf47c4e833a6d37418b67d3547a939e94b20e112c7ca51cec339a82848c"}, {"condition_id": "0x9393dfde27f17a0ff4feb8e0b2ec374b823be80363257525262154d8b498c50b", "id": "0x618f52518787229b477f1c4086e1baa5f014fece11f0eb3d00bf749fe322fc58_0xe10781cb1f264a464cff55420406f8df7ce0ed3a027cd5429d09379fd3b6b7b3", "outcome": "Cincinnati Reds", "price": 0.5700000000000001, "proxy_wallet": "0xc8075693f48668a264b9fa313b47f52712fcc12b", "side": "BUY", "size": 14, "slug": "mlb-cin-mil-2026-07-01-spread-home-1pt5", "timestamp": "2026-07-01T23:35:49Z", "token_id": "57668114927480591978383107160570828101135679487559437631013385731858602017640", "transaction_hash": "0x618f52518787229b477f1c4086e1baa5f014fece11f0eb3d00bf749fe322fc58"}, {"condition_id": "0x9393dfde27f17a0ff4feb8e0b2ec374b823be80363257525262154d8b498c50b", "id": "0xa0c872ac4a74d170d667e1e73d84c0ca4680f5a467f3563f452ccaee08803a2c_0xe10781cb1f264a464cff55420406f8df7ce0ed3a027cd5429d09379fd3b6b7b3", "outcome": "Cincinnati Reds", "price": 0.5700000000000001, "proxy_wallet": "0xc8075693f48668a264b9fa313b47f52712fcc12b", "side": "BUY", "size": 14, "slug": "mlb-cin-mil-2026-07-01-spread-home-1pt5", "timestamp": "2026-07-01T23:35:35Z", "token_id": "57668114927480591978383107160570828101135679487559437631013385731858602017640", "transaction_hash": "0xa0c872ac4a74d170d667e1e73d84c0ca4680f5a467f3563f452ccaee08803a2c"}, {"condition_id": "0x9393dfde27f17a0ff4feb8e0b2ec374b823be80363257525262154d8b498c50b", "id": "0x75148fac02a0d1c618f2be3f3dcce4386c3988a699a04c0ca3f76465e18c4eb7_0xe10781cb1f264a464cff55420406f8df7ce0ed3a027cd5429d09379fd3b6b7b3", "outcome": "Cincinnati Reds", "price": 0.5700000000000001, "proxy_wallet": "0xc8075693f48668a264b9fa313b47f52712fcc12b", "side": "BUY", "size": 14, "slug": "mlb-cin-mil-2026-07-01-spread-home-1pt5", "timestamp": "2026-07-01T23:35:34Z", "token_id": "57668114927480591978383107160570828101135679487559437631013385731858602017640", "transaction_hash": "0x75148fac02a0d1c618f2be3f3dcce4386c3988a699a04c0ca3f76465e18c4eb7"}, {"condition_id": "0x9393dfde27f17a0ff4feb8e0b2ec374b823be80363257525262154d8b498c50b", "id": "0x669e046a64e4a9f01ba8f40ccb894aeb960c0dda6128130a66628a9a7deafc4e_0xe10781cb1f264a464cff55420406f8df7ce0ed3a027cd5429d09379fd3b6b7b3", "outcome": "Cincinnati Reds", "price": 0.5700000000000001, "proxy_wallet": "0xc8075693f48668a264b9fa313b47f52712fcc12b", "side": "BUY", "size": 13, "slug": "mlb-cin-mil-2026-07-01-spread-home-1pt5", "timestamp": "2026-07-01T23:35:20Z", "token_id": "57668114927480591978383107160570828101135679487559437631013385731858602017640", "transaction_hash": "0x669e046a64e4a9f01ba8f40ccb894aeb960c0dda6128130a66628a9a7deafc4e"}, {"condition_id": "0x9393dfde27f17a0ff4feb8e0b2ec374b823be80363257525262154d8b498c50b", "id": "0x956a8ed49700e18134b3b885d3fc7cdbd62a8c7e25824463e2d885328a12499b_0xe10781cb1f264a464cff55420406f8df7ce0ed3a027cd5429d09379fd3b6b7b3", "outcome": "Cincinnati Reds", "price": 0.5700000000000001, "proxy_wallet": "0xc8075693f48668a264b9fa313b47f52712fcc12b", "side": "BUY", "size": 13, "slug": "mlb-cin-mil-2026-07-01-spread-home-1pt5", "timestamp": "2026-07-01T23:35:20Z", "token_id": "57668114927480591978383107160570828101135679487559437631013385731858602017640", "transaction_hash": "0x956a8ed49700e18134b3b885d3fc7cdbd62a8c7e25824463e2d885328a12499b"}, {"condition_id": "0x9393dfde27f17a0ff4feb8e0b2ec374b823be80363257525262154d8b498c50b", "id": "0x63841668ddd863d0b3d7b2464d3e12ecc098a8d685447740fa4f9da66d93499f_0xe10781cb1f264a464cff55420406f8df7ce0ed3a027cd5429d09379fd3b6b7b3", "outcome": "Cincinnati Reds", "price": 0.5700000000000001, "proxy_wallet": "0xc8075693f48668a264b9fa313b47f52712fcc12b", "side": "BUY", "size": 5, "slug": "mlb-cin-mil-2026-07-01-spread-home-1pt5", "timestamp": "2026-07-01T23:35:17Z", "token_id": "57668114927480591978383107160570828101135679487559437631013385731858602017640", "transaction_hash": "0x63841668ddd863d0b3d7b2464d3e12ecc098a8d685447740fa4f9da66d93499f"}, {"condition_id": "0x9393dfde27f17a0ff4feb8e0b2ec374b823be80363257525262154d8b498c50b", "id": "0xd276590f638659886a2d7cd64afcd298179d0dd86f691e1fee0fe4d7f1d7a8a9_0xe10781cb1f264a464cff55420406f8df7ce0ed3a027cd5429d09379fd3b6b7b3", "outcome": "Cincinnati Reds", "price": 0.5700000081813098, "proxy_wallet": "0xc8075693f48668a264b9fa313b47f52712fcc12b", "side": "BUY", "size": 41.558138, "slug": "mlb-cin-mil-2026-07-01-spread-home-1pt5", "timestamp": "2026-07-01T23:33:53Z", "token_id": "57668114927480591978383107160570828101135679487559437631013385731858602017640", "transaction_hash": "0xd276590f638659886a2d7cd64afcd298179d0dd86f691e1fee0fe4d7f1d7a8a9"}, {"condition_id": "0x9393dfde27f17a0ff4feb8e0b2ec374b823be80363257525262154d8b498c50b", "id": "0x0392438db48e679d690893b9101ddbd244753b045bfde70aaa1db81627b68bd9_0xe10781cb1f264a464cff55420406f8df7ce0ed3a027cd5429d09379fd3b6b7b3", "outcome": "Cincinnati Reds", "price": 0.5700000135365042, "proxy_wallet": "0xc8075693f48668a264b9fa313b47f52712fcc12b", "side": "BUY", "size": 34.720929, "slug": "mlb-cin-mil-2026-07-01-spread-home-1pt5", "timestamp": "2026-07-01T23:33:23Z", "token_id": "57668114927480591978383107160570828101135679487559437631013385731858602017640", "transaction_hash": "0x0392438db48e679d690893b9101ddbd244753b045bfde70aaa1db81627b68bd9"}, {"condition_id": "0x9393dfde27f17a0ff4feb8e0b2ec374b823be80363257525262154d8b498c50b", "id": "0x177c31e8a625b25e77ec5112f886dd5de16fcdcfe58b4d507d2c2bee2a5f715e_0xe10781cb1f264a464cff55420406f8df7ce0ed3a027cd5429d09379fd3b6b7b3", "outcome": "Cincinnati Reds", "price": 0.5700000039038333, "proxy_wallet": "0xc8075693f48668a264b9fa313b47f52712fcc12b", "side": "BUY", "size": 69.162789, "slug": "mlb-cin-mil-2026-07-01-spread-home-1pt5", "timestamp": "2026-07-01T23:33:13Z", "token_id": "57668114927480591978383107160570828101135679487559437631013385731858602017640", "transaction_hash": "0x177c31e8a625b25e77ec5112f886dd5de16fcdcfe58b4d507d2c2bee2a5f715e"}, {"condition_id": "0x9393dfde27f17a0ff4feb8e0b2ec374b823be80363257525262154d8b498c50b", "id": "0x21c3ae74971e41e64dbb531a4ecff75be52be3be0013faccbae089923edb6229_0xe10781cb1f264a464cff55420406f8df7ce0ed3a027cd5429d09379fd3b6b7b3", "outcome": "Cincinnati Reds", "price": 0.5700001720001031, "proxy_wallet": "0xc8075693f48668a264b9fa313b47f52712fcc12b", "side": "BUY", "size": 2.32558, "slug": "mlb-cin-mil-2026-07-01-spread-home-1pt5", "timestamp": "2026-07-01T23:32:40Z", "token_id": "57668114927480591978383107160570828101135679487559437631013385731858602017640", "transaction_hash": "0x21c3ae74971e41e64dbb531a4ecff75be52be3be0013faccbae089923edb6229"}, {"condition_id": "0x9393dfde27f17a0ff4feb8e0b2ec374b823be80363257525262154d8b498c50b", "id": "0x2524c0bab9339f7cf26d0408fc9cc44def7758ea92514c1129aeaffd844931bb_0xe10781cb1f264a464cff55420406f8df7ce0ed3a027cd5429d09379fd3b6b7b3", "outcome": "Cincinnati Reds", "price": 0.57, "proxy_wallet": "0xc8075693f48668a264b9fa313b47f52712fcc12b", "side": "BUY", "size": 34, "slug": "mlb-cin-mil-2026-07-01-spread-home-1pt5", "timestamp": "2026-07-01T23:32:38Z", "token_id": "57668114927480591978383107160570828101135679487559437631013385731858602017640", "transaction_hash": "0x2524c0bab9339f7cf26d0408fc9cc44def7758ea92514c1129aeaffd844931bb"}, {"condition_id": "0x9393dfde27f17a0ff4feb8e0b2ec374b823be80363257525262154d8b498c50b", "id": "0x36cf55acff9879d01e3951a6fd3f215edfc877bc48cb3ef4324bce14012d16a3_0xe10781cb1f264a464cff55420406f8df7ce0ed3a027cd5429d09379fd3b6b7b3", "outcome": "Cincinnati Reds", "price": 0.5700000070636553, "proxy_wallet": "0xc8075693f48668a264b9fa313b47f52712fcc12b", "side": "BUY", "size": 45.302324, "slug": "mlb-cin-mil-2026-07-01-spread-home-1pt5", "timestamp": "2026-07-01T23:32:35Z", "token_id": "57668114927480591978383107160570828101135679487559437631013385731858602017640", "transaction_hash": "0x36cf55acff9879d01e3951a6fd3f215edfc877bc48cb3ef4324bce14012d16a3"}, {"condition_id": "0x9393dfde27f17a0ff4feb8e0b2ec374b823be80363257525262154d8b498c50b", "id": "0x70cbb6a125c72a9af677640a12d97523a8341e897be2d2eadea6a70fb90118e0_0xe10781cb1f264a464cff55420406f8df7ce0ed3a027cd5429d09379fd3b6b7b3", "outcome": "Cincinnati Reds", "price": 0.5700001720001031, "proxy_wallet": "0xc8075693f48668a264b9fa313b47f52712fcc12b", "side": "BUY", "size": 2.32558, "slug": "mlb-cin-mil-2026-07-01-spread-home-1pt5", "timestamp": "2026-07-01T23:32:34Z", "token_id": "57668114927480591978383107160570828101135679487559437631013385731858602017640", "transaction_hash": "0x70cbb6a125c72a9af677640a12d97523a8341e897be2d2eadea6a70fb90118e0"}, {"condition_id": "0x9393dfde27f17a0ff4feb8e0b2ec374b823be80363257525262154d8b498c50b", "id": "0xa50bb8c35e52489516d3bcf807f23e9833b277d658f75083393eb1c4e8a4d9b1_0xe10781cb1f264a464cff55420406f8df7ce0ed3a027cd5429d09379fd3b6b7b3", "outcome": "Cincinnati Reds", "price": 0.5700000553987828, "proxy_wallet": "0xc8075693f48668a264b9fa313b47f52712fcc12b", "side": "BUY", "size": 7.581394, "slug": "mlb-cin-mil-2026-07-01-spread-home-1pt5", "timestamp": "2026-07-01T23:32:32Z", "token_id": "57668114927480591978383107160570828101135679487559437631013385731858602017640", "transaction_hash": "0xa50bb8c35e52489516d3bcf807f23e9833b277d658f75083393eb1c4e8a4d9b1"}, {"condition_id": "0x9393dfde27f17a0ff4feb8e0b2ec374b823be80363257525262154d8b498c50b", "id": "0x28c4bbca9b4ba8d7653f189150356c12bed3bf4f42e62d3d5ba284a501009360_0xe10781cb1f264a464cff55420406f8df7ce0ed3a027cd5429d09379fd3b6b7b3", "outcome": "Cincinnati Reds", "price": 0.570000001462, "proxy_wallet": "0xc8075693f48668a264b9fa313b47f52712fcc12b", "side": "BUY", "size": 232.558138, "slug": "mlb-cin-mil-2026-07-01-spread-home-1pt5", "timestamp": "2026-07-01T23:32:32Z", "token_id": "57668114927480591978383107160570828101135679487559437631013385731858602017640", "transaction_hash": "0x28c4bbca9b4ba8d7653f189150356c12bed3bf4f42e62d3d5ba284a501009360"}, {"condition_id": "0x3e47e9ab777735fd1dae04df35e34536c38cbd4a01f173eb1acee0ce88b80c13", "id": "0x403fd87ae52720cb5171a3b720008e7ac98a3abc9bc8a83a8f90a1f279cf6ae8_0x16014fbcb13af34dea7ede314695a2ae509ea81a724bd3a5b761da21539cae26", "outcome": "Houston Astros", "price": 0.580000002268, "proxy_wallet": "0xc8075693f48668a264b9fa313b47f52712fcc12b", "side": "BUY", "size": 238.095237, "slug": "mlb-min-hou-2026-07-01", "timestamp": "2026-07-01T23:30:13Z", "token_id": "79631088649261138787540203435937411982125789136915870373394273596147449567397", "transaction_hash": "0x403fd87ae52720cb5171a3b720008e7ac98a3abc9bc8a83a8f90a1f279cf6ae8"}, {"condition_id": "0x036b0c654502bb269410e8353735575a9203fc24acb8a321b6945c9d7ef7f25f", "id": "0xb4c2d1518bcfaca38f7c2a8a288638cb151470f062b3f373f4c10a66d1844ed1_0xf425a92e5400562f547dacca8940274bd4831b5e803868f6a0f5bc9ecc7f1ffa", "outcome": "Tampa Bay Rays", "price": 0.57, "proxy_wallet": "0xc8075693f48668a264b9fa313b47f52712fcc12b", "side": "BUY", "size": 5.79, "slug": "mlb-tb-kc-2026-07-01", "timestamp": "2026-07-01T23:30:07Z", "token_id": "40790751814144901788779780161768084552835822185953930666670964684954911865209", "transaction_hash": "0xb4c2d1518bcfaca38f7c2a8a288638cb151470f062b3f373f4c10a66d1844ed1"}, {"condition_id": "0x036b0c654502bb269410e8353735575a9203fc24acb8a321b6945c9d7ef7f25f", "id": "0x2a008c71704fbe407dafe22dda57c1223c769d7326f1c6ce13d7dcf62fe880f0_0xf425a92e5400562f547dacca8940274bd4831b5e803868f6a0f5bc9ecc7f1ffa", "outcome": "Tampa Bay Rays", "price": 0.57, "proxy_wallet": "0xc8075693f48668a264b9fa313b47f52712fcc12b", "side": "BUY", "size": 5.16, "slug": "mlb-tb-kc-2026-07-01", "timestamp": "2026-07-01T23:30:05Z", "token_id": "40790751814144901788779780161768084552835822185953930666670964684954911865209", "transaction_hash": "0x2a008c71704fbe407dafe22dda57c1223c769d7326f1c6ce13d7dcf62fe880f0"}, {"condition_id": "0x3e47e9ab777735fd1dae04df35e34536c38cbd4a01f173eb1acee0ce88b80c13", "id": "0xdc52b6126c8648e6dd0423b5d380c97eb2b11780e4343cd3d7a8381a0ab4b62a_0x16014fbcb13af34dea7ede314695a2ae509ea81a724bd3a5b761da21539cae26", "outcome": "Houston Astros", "price": 0.5800000056000001, "proxy_wallet": "0xc8075693f48668a264b9fa313b47f52712fcc12b", "side": "BUY", "size": 71.42857, "slug": "mlb-min-hou-2026-07-01", "timestamp": "2026-07-01T23:28:35Z", "token_id": "79631088649261138787540203435937411982125789136915870373394273596147449567397", "transaction_hash": "0xdc52b6126c8648e6dd0423b5d380c97eb2b11780e4343cd3d7a8381a0ab4b62a"}, {"condition_id": "0x9393dfde27f17a0ff4feb8e0b2ec374b823be80363257525262154d8b498c50b", "id": "0x581878b015b738b8679c9f1a55dc2763cdb683b02d5f8fbd24286d8fe6cff7d8_0xe10781cb1f264a464cff55420406f8df7ce0ed3a027cd5429d09379fd3b6b7b3", "outcome": "Cincinnati Reds", "price": 0.5700000000000001, "proxy_wallet": "0xc8075693f48668a264b9fa313b47f52712fcc12b", "side": "BUY", "size": 112.82, "slug": "mlb-cin-mil-2026-07-01-spread-home-1pt5", "timestamp": "2026-07-01T23:26:14Z", "token_id": "57668114927480591978383107160570828101135679487559437631013385731858602017640", "transaction_hash": "0x581878b015b738b8679c9f1a55dc2763cdb683b02d5f8fbd24286d8fe6cff7d8"}, {"condition_id": "0x036b0c654502bb269410e8353735575a9203fc24acb8a321b6945c9d7ef7f25f", "id": "0x322ad22728f652bad7ed2c8ccd8c533b966a2c7b6e61c590defd0b655d73b29c_0xf425a92e5400562f547dacca8940274bd4831b5e803868f6a0f5bc9ecc7f1ffa", "outcome": "Tampa Bay Rays", "price": 0.570000003462158, "proxy_wallet": "0xc8075693f48668a264b9fa313b47f52712fcc12b", "side": "BUY", "size": 57.76744, "slug": "mlb-tb-kc-2026-07-01", "timestamp": "2026-07-01T23:25:49Z", "token_id": "40790751814144901788779780161768084552835822185953930666670964684954911865209", "transaction_hash": "0x322ad22728f652bad7ed2c8ccd8c533b966a2c7b6e61c590defd0b655d73b29c"}, {"condition_id": "0x036b0c654502bb269410e8353735575a9203fc24acb8a321b6945c9d7ef7f25f", "id": "0xe14dd35b1de6704777a92ec7ff05ec9b4fcf365c9110e675bb7972f32247be30_0xf425a92e5400562f547dacca8940274bd4831b5e803868f6a0f5bc9ecc7f1ffa", "outcome": "Tampa Bay Rays", "price": 0.5700000574368362, "proxy_wallet": "0xc8075693f48668a264b9fa313b47f52712fcc12b", "side": "BUY", "size": 6.441859, "slug": "mlb-tb-kc-2026-07-01", "timestamp": "2026-07-01T23:25:05Z", "token_id": "40790751814144901788779780161768084552835822185953930666670964684954911865209", "transaction_hash": "0xe14dd35b1de6704777a92ec7ff05ec9b4fcf365c9110e675bb7972f32247be30"}, {"condition_id": "0x3e47e9ab777735fd1dae04df35e34536c38cbd4a01f173eb1acee0ce88b80c13", "id": "0x3ad71075e28f14c1db208de55d31886b95b9ad74f2f440f583b753109d9a36df_0x16014fbcb13af34dea7ede314695a2ae509ea81a724bd3a5b761da21539cae26", "outcome": "Houston Astros", "price": 0.58, "proxy_wallet": "0xc8075693f48668a264b9fa313b47f52712fcc12b", "side": "BUY", "size": 35.71, "slug": "mlb-min-hou-2026-07-01", "timestamp": "2026-07-01T23:25:01Z", "token_id": "79631088649261138787540203435937411982125789136915870373394273596147449567397", "transaction_hash": "0x3ad71075e28f14c1db208de55d31886b95b9ad74f2f440f583b753109d9a36df"}, {"condition_id": "0x9393dfde27f17a0ff4feb8e0b2ec374b823be80363257525262154d8b498c50b", "id": "0xab85057c3d42f220d84dfd3c15ca6afa6bd331082892c4b69b7b81c64a17a44b_0xe10781cb1f264a464cff55420406f8df7ce0ed3a027cd5429d09379fd3b6b7b3", "outcome": "Cincinnati Reds", "price": 0.5700000000000001, "proxy_wallet": "0xc8075693f48668a264b9fa313b47f52712fcc12b", "side": "BUY", "size": 41.3, "slug": "mlb-cin-mil-2026-07-01-spread-home-1pt5", "timestamp": "2026-07-01T23:24:23Z", "token_id": "57668114927480591978383107160570828101135679487559437631013385731858602017640", "transaction_hash": "0xab85057c3d42f220d84dfd3c15ca6afa6bd331082892c4b69b7b81c64a17a44b"}], "polled_at": "2026-07-02T01:49:23.523293+00:00"}