{"wallet": "0xfc0847fe2ea938d6e2624650eb29ef8d8142a137", "total_trades_90d": 200, "mlb_trades_count": 25, "mlb_condition_ids": ["0xffcc16466bec36ad1a0d27106b53eaf338b4013c40fa6fdf446819e14318141d"], "mlb_trade_details": [{"condition_id": "0xffcc16466bec36ad1a0d27106b53eaf338b4013c40fa6fdf446819e14318141d", "id": "0x5f769cfd0bce790d6e3fdad738167e9639a8c4d1b28d1efa0cdd08e0044bc627_0x5b05e5a1b564fc002fe62c87a6d4c34870027bd29452980e7f40f069b0e54867", "outcome": "Cincinnati Reds", "price": 0.61, "proxy_wallet": "0xfc0847fe2ea938d6e2624650eb29ef8d8142a137", "side": "SELL", "size": 3, "slug": "mlb-cin-mil-2026-07-01", "timestamp": "2026-07-02T01:49:14Z", "token_id": "113358608150512001269864923288418646714914260349596543233339365306930097854218", "transaction_hash": "0x5f769cfd0bce790d6e3fdad738167e9639a8c4d1b28d1efa0cdd08e0044bc627"}, {"condition_id": "0xffcc16466bec36ad1a0d27106b53eaf338b4013c40fa6fdf446819e14318141d", "id": "0xec2c10d90cc2839e03295240f46c3dbe8305450450c22230568224237a3e8dcd_0x20ffbebf30d689f9044938b48bff877b0da08c4fe158b877802eaf97b5683c55", "outcome": "Cincinnati Reds", "price": 0.61, "proxy_wallet": "0xfc0847fe2ea938d6e2624650eb29ef8d8142a137", "side": "SELL", "size": 11, "slug": "mlb-cin-mil-2026-07-01", "timestamp": "2026-07-02T01:49:13Z", "token_id": "113358608150512001269864923288418646714914260349596543233339365306930097854218", "transaction_hash": "0xec2c10d90cc2839e03295240f46c3dbe8305450450c22230568224237a3e8dcd"}, {"condition_id": "0xffcc16466bec36ad1a0d27106b53eaf338b4013c40fa6fdf446819e14318141d", "id": "0x37f51fa1240598eb958e43c2e7baad24d07373215f6e8b57e252c50cc266e0f2_0xe91417e26d3ab5662b3cac915358b7b5e2c8ac6d47500106b3b793a9db83fbab", "outcome": "Cincinnati Reds", "price": 0.61, "proxy_wallet": "0xfc0847fe2ea938d6e2624650eb29ef8d8142a137", "side": "SELL", "size": 42, "slug": "mlb-cin-mil-2026-07-01", "timestamp": "2026-07-02T01:49:13Z", "token_id": "113358608150512001269864923288418646714914260349596543233339365306930097854218", "transaction_hash": "0x37f51fa1240598eb958e43c2e7baad24d07373215f6e8b57e252c50cc266e0f2"}, {"condition_id": "0xffcc16466bec36ad1a0d27106b53eaf338b4013c40fa6fdf446819e14318141d", "id": "0xf13666c06485b73c1db07fc42253482ef2b59688131ad30f11bc7af4451ae95b_0x980174ca026ebcfca487c7f01c6bb45d11a882c4c620b5202afe223e4ce14b0c", "outcome": "Cincinnati Reds", "price": 0.61, "proxy_wallet": "0xfc0847fe2ea938d6e2624650eb29ef8d8142a137", "side": "SELL", "size": 171, "slug": "mlb-cin-mil-2026-07-01", "timestamp": "2026-07-02T01:49:08Z", "token_id": "113358608150512001269864923288418646714914260349596543233339365306930097854218", "transaction_hash": "0xf13666c06485b73c1db07fc42253482ef2b59688131ad30f11bc7af4451ae95b"}, {"condition_id": "0xffcc16466bec36ad1a0d27106b53eaf338b4013c40fa6fdf446819e14318141d", "id": "0x465f4507e90c092a59a7b5be5516f3aaf348f3e33f94bc75b665c9d33115ced6_0x370590ba8da5e728594ad7027f90246274bf773b3fb8e419223d3364a9748b17", "outcome": "Cincinnati Reds", "price": 0.62, "proxy_wallet": "0xfc0847fe2ea938d6e2624650eb29ef8d8142a137", "side": "SELL", "size": 683, "slug": "mlb-cin-mil-2026-07-01", "timestamp": "2026-07-02T01:49:02Z", "token_id": "113358608150512001269864923288418646714914260349596543233339365306930097854218", "transaction_hash": "0x465f4507e90c092a59a7b5be5516f3aaf348f3e33f94bc75b665c9d33115ced6"}, {"condition_id": "0xffcc16466bec36ad1a0d27106b53eaf338b4013c40fa6fdf446819e14318141d", "id": "0x4e7d48cbe0d62786f39f589c27c46913e40501d94a0f13ddbaff784549397f12_0x3162c5785e48553f04e4695e06762ffce82ba2f07f8cd2886f5214c577eb0e6c", "outcome": "Cincinnati Reds", "price": 0.5300000017885295, "proxy_wallet": "0xfc0847fe2ea938d6e2624650eb29ef8d8142a137", "side": "BUY", "size": 234.829786, "slug": "mlb-cin-mil-2026-07-01", "timestamp": "2026-07-02T01:48:05Z", "token_id": "113358608150512001269864923288418646714914260349596543233339365306930097854218", "transaction_hash": "0x4e7d48cbe0d62786f39f589c27c46913e40501d94a0f13ddbaff784549397f12"}, {"condition_id": "0xffcc16466bec36ad1a0d27106b53eaf338b4013c40fa6fdf446819e14318141d", "id": "0x8fe256d95f8416124d7f58bbe81ea70f6896f2f7203f18d6c51498a5e209196d_0x3162c5785e48553f04e4695e06762ffce82ba2f07f8cd2886f5214c577eb0e6c", "outcome": "Cincinnati Reds", "price": 0.5299999999999999, "proxy_wallet": "0xfc0847fe2ea938d6e2624650eb29ef8d8142a137", "side": "BUY", "size": 10.63, "slug": "mlb-cin-mil-2026-07-01", "timestamp": "2026-07-02T01:48:04Z", "token_id": "113358608150512001269864923288418646714914260349596543233339365306930097854218", "transaction_hash": "0x8fe256d95f8416124d7f58bbe81ea70f6896f2f7203f18d6c51498a5e209196d"}, {"condition_id": "0xffcc16466bec36ad1a0d27106b53eaf338b4013c40fa6fdf446819e14318141d", "id": "0xf71ec5429229df6e1ae67412665d41c7afc9d0e2ce28c2c57414d020d0351849_0x5926bbc4e52fa1fe3b2d4a37c7c2cdc2e372cd03876ab3bb1bdd0d11ed74b360", "outcome": "Cincinnati Reds", "price": 0.5112012012012012, "proxy_wallet": "0xfc0847fe2ea938d6e2624650eb29ef8d8142a137", "side": "BUY", "size": 666, "slug": "mlb-cin-mil-2026-07-01", "timestamp": "2026-07-02T01:47:58Z", "token_id": "113358608150512001269864923288418646714914260349596543233339365306930097854218", "transaction_hash": "0xf71ec5429229df6e1ae67412665d41c7afc9d0e2ce28c2c57414d020d0351849"}, {"condition_id": "0xffcc16466bec36ad1a0d27106b53eaf338b4013c40fa6fdf446819e14318141d", "id": "0x46c85dbaf0af85d30271632fe9e1f4e04b24f596f0dfadee796f2c7e7b78ea10_0x246f22218374b35fdea293d4a878fb24cbdb7c56a9561d97729662e0fb48b63a", "outcome": "Milwaukee Brewers", "price": 0.66, "proxy_wallet": "0xfc0847fe2ea938d6e2624650eb29ef8d8142a137", "side": "SELL", "size": 1, "slug": "mlb-cin-mil-2026-07-01", "timestamp": "2026-07-02T01:03:47Z", "token_id": "19711007897046031044579594275312405944771254350980802153302868685653200183646", "transaction_hash": "0x46c85dbaf0af85d30271632fe9e1f4e04b24f596f0dfadee796f2c7e7b78ea10"}, {"condition_id": "0xffcc16466bec36ad1a0d27106b53eaf338b4013c40fa6fdf446819e14318141d", "id": "0x61af0a24eb2d064a40571c882217ac61c4271930563cf9897e398e924a2d48b8_0xeb200f00b8afd722d05a238dd5ffaaa9be092f896204a093f686f719152fa435", "outcome": "Milwaukee Brewers", "price": 0.66, "proxy_wallet": "0xfc0847fe2ea938d6e2624650eb29ef8d8142a137", "side": "SELL", "size": 1, "slug": "mlb-cin-mil-2026-07-01", "timestamp": "2026-07-02T01:03:46Z", "token_id": "19711007897046031044579594275312405944771254350980802153302868685653200183646", "transaction_hash": "0x61af0a24eb2d064a40571c882217ac61c4271930563cf9897e398e924a2d48b8"}, {"condition_id": "0xffcc16466bec36ad1a0d27106b53eaf338b4013c40fa6fdf446819e14318141d", "id": "0x5b4da72f6a5cee1a02db8e4f695c35c8fde556102ba2ec64fdc9db9e9d1d2731_0x54245e649988e75c33389617e1e8c16290710f43654fbd3c59abba2182c2cb5d", "outcome": "Milwaukee Brewers", "price": 0.66, "proxy_wallet": "0xfc0847fe2ea938d6e2624650eb29ef8d8142a137", "side": "SELL", "size": 4, "slug": "mlb-cin-mil-2026-07-01", "timestamp": "2026-07-02T01:03:44Z", "token_id": "19711007897046031044579594275312405944771254350980802153302868685653200183646", "transaction_hash": "0x5b4da72f6a5cee1a02db8e4f695c35c8fde556102ba2ec64fdc9db9e9d1d2731"}, {"condition_id": "0xffcc16466bec36ad1a0d27106b53eaf338b4013c40fa6fdf446819e14318141d", "id": "0xb9c03bbfc19463b69423b7c6c0a13f2305a9e3b77dd1a1566aef0332b26938ce_0xf04ebd81aa25e62954ba4aed1bc7a957ad0bb8f7f0477a1a7569acd7e082e1e5", "outcome": "Milwaukee Brewers", "price": 0.66, "proxy_wallet": "0xfc0847fe2ea938d6e2624650eb29ef8d8142a137", "side": "SELL", "size": 15, "slug": "mlb-cin-mil-2026-07-01", "timestamp": "2026-07-02T01:03:44Z", "token_id": "19711007897046031044579594275312405944771254350980802153302868685653200183646", "transaction_hash": "0xb9c03bbfc19463b69423b7c6c0a13f2305a9e3b77dd1a1566aef0332b26938ce"}, {"condition_id": "0xffcc16466bec36ad1a0d27106b53eaf338b4013c40fa6fdf446819e14318141d", "id": "0xeba316703a47becb2478703fc4093416451df4b2516f494841cbff465e5a4f30_0x97a38bcd71f22cf2c1158dfc039d348d326fa6ea5bf93950971f7acb8d34967f", "outcome": "Milwaukee Brewers", "price": 0.6433333333333333, "proxy_wallet": "0xfc0847fe2ea938d6e2624650eb29ef8d8142a137", "side": "BUY", "size": 15, "slug": "mlb-cin-mil-2026-07-01", "timestamp": "2026-07-02T01:03:02Z", "token_id": "19711007897046031044579594275312405944771254350980802153302868685653200183646", "transaction_hash": "0xeba316703a47becb2478703fc4093416451df4b2516f494841cbff465e5a4f30"}, {"condition_id": "0xffcc16466bec36ad1a0d27106b53eaf338b4013c40fa6fdf446819e14318141d", "id": "0x16c8376ea265d061284437011d193be443721ff1fb63c41ac1fff10d13086462_0x1f81146bbf9c16291c8bf274507e240b02133f51dde1dbb827df89fd32838ee2", "outcome": "Milwaukee Brewers", "price": 0.6699999999999999, "proxy_wallet": "0xfc0847fe2ea938d6e2624650eb29ef8d8142a137", "side": "SELL", "size": 12, "slug": "mlb-cin-mil-2026-07-01", "timestamp": "2026-07-02T00:49:38Z", "token_id": "19711007897046031044579594275312405944771254350980802153302868685653200183646", "transaction_hash": "0x16c8376ea265d061284437011d193be443721ff1fb63c41ac1fff10d13086462"}, {"condition_id": "0xffcc16466bec36ad1a0d27106b53eaf338b4013c40fa6fdf446819e14318141d", "id": "0x301acde135a6c2551a68c7678e38b384406063433b7a1471b08fb86273b39a26_0xacf8b09dbfe0f665d6bbebd52a37001c0628c7173c8d3c5add122335e3304c4b", "outcome": "Milwaukee Brewers", "price": 0.6600000291428605, "proxy_wallet": "0xfc0847fe2ea938d6e2624650eb29ef8d8142a137", "side": "BUY", "size": 14.411763, "slug": "mlb-cin-mil-2026-07-01", "timestamp": "2026-07-02T00:49:19Z", "token_id": "19711007897046031044579594275312405944771254350980802153302868685653200183646", "transaction_hash": "0x301acde135a6c2551a68c7678e38b384406063433b7a1471b08fb86273b39a26"}, {"condition_id": "0xffcc16466bec36ad1a0d27106b53eaf338b4013c40fa6fdf446819e14318141d", "id": "0x197c431f3f5065d0b1742ac7d75cae3024267865ef9d9bf8bc72dde64e23b068_0xacf8b09dbfe0f665d6bbebd52a37001c0628c7173c8d3c5add122335e3304c4b", "outcome": "Milwaukee Brewers", "price": 0.66000011333339, "proxy_wallet": "0xfc0847fe2ea938d6e2624650eb29ef8d8142a137", "side": "BUY", "size": 3.52941, "slug": "mlb-cin-mil-2026-07-01", "timestamp": "2026-07-02T00:49:14Z", "token_id": "19711007897046031044579594275312405944771254350980802153302868685653200183646", "transaction_hash": "0x197c431f3f5065d0b1742ac7d75cae3024267865ef9d9bf8bc72dde64e23b068"}, {"condition_id": "0xffcc16466bec36ad1a0d27106b53eaf338b4013c40fa6fdf446819e14318141d", "id": "0xb5f4ca42c6672bd36c280a91b0ec021d4de85eefb17fbfd37fbfbc2bb7870e6f_0x16b70cd5e7e08761f4bc39d0db38657cb8ec4bfd84d2ffea0136f05f73e34edd", "outcome": "Milwaukee Brewers", "price": 0.77, "proxy_wallet": "0xfc0847fe2ea938d6e2624650eb29ef8d8142a137", "side": "SELL", "size": 1, "slug": "mlb-cin-mil-2026-07-01", "timestamp": "2026-07-02T00:23:14Z", "token_id": "19711007897046031044579594275312405944771254350980802153302868685653200183646", "transaction_hash": "0xb5f4ca42c6672bd36c280a91b0ec021d4de85eefb17fbfd37fbfbc2bb7870e6f"}, {"condition_id": "0xffcc16466bec36ad1a0d27106b53eaf338b4013c40fa6fdf446819e14318141d", "id": "0x4340e403d20e32bd197566b71fa43db656c40b749e1cceb7bfd9f3dab419b8e2_0x99cf06e57280f5e96e1362f890b557b9716380526c229e4a23443922fdebbcc9", "outcome": "Milwaukee Brewers", "price": 0.77, "proxy_wallet": "0xfc0847fe2ea938d6e2624650eb29ef8d8142a137", "side": "SELL", "size": 5, "slug": "mlb-cin-mil-2026-07-01", "timestamp": "2026-07-02T00:23:13Z", "token_id": "19711007897046031044579594275312405944771254350980802153302868685653200183646", "transaction_hash": "0x4340e403d20e32bd197566b71fa43db656c40b749e1cceb7bfd9f3dab419b8e2"}, {"condition_id": "0xffcc16466bec36ad1a0d27106b53eaf338b4013c40fa6fdf446819e14318141d", "id": "0xef4fae33be438966eb4c94f0cd7e0174efd7938b240ca00e989f5941666c9ddb_0xa1905fce160b148f5fb3e3bedde5cc560bc8b576eead794f1d788949e79ecce4", "outcome": "Milwaukee Brewers", "price": 0.77, "proxy_wallet": "0xfc0847fe2ea938d6e2624650eb29ef8d8142a137", "side": "SELL", "size": 1, "slug": "mlb-cin-mil-2026-07-01", "timestamp": "2026-07-02T00:23:13Z", "token_id": "19711007897046031044579594275312405944771254350980802153302868685653200183646", "transaction_hash": "0xef4fae33be438966eb4c94f0cd7e0174efd7938b240ca00e989f5941666c9ddb"}, {"condition_id": "0xffcc16466bec36ad1a0d27106b53eaf338b4013c40fa6fdf446819e14318141d", "id": "0xacd1ae380f56a259fbaa05d9812cc914c01d5ad5ab9e7164c7a42c994d46ca96_0xd65ea9152fa836d796d5daabbe903b4204d2a9f636f407360c52975c95f4e3ba", "outcome": "Milwaukee Brewers", "price": 0.77, "proxy_wallet": "0xfc0847fe2ea938d6e2624650eb29ef8d8142a137", "side": "SELL", "size": 77, "slug": "mlb-cin-mil-2026-07-01", "timestamp": "2026-07-02T00:23:11Z", "token_id": "19711007897046031044579594275312405944771254350980802153302868685653200183646", "transaction_hash": "0xacd1ae380f56a259fbaa05d9812cc914c01d5ad5ab9e7164c7a42c994d46ca96"}, {"condition_id": "0xffcc16466bec36ad1a0d27106b53eaf338b4013c40fa6fdf446819e14318141d", "id": "0x84f7941f6afcde6650776abbd9d2deeea2c5b61b99e42ae2af3f9928dc0697e1_0x8845142039a0a2da25167ce93f99d89e848bcec7235d58a84159467f8627e309", "outcome": "Milwaukee Brewers", "price": 0.77, "proxy_wallet": "0xfc0847fe2ea938d6e2624650eb29ef8d8142a137", "side": "SELL", "size": 19, "slug": "mlb-cin-mil-2026-07-01", "timestamp": "2026-07-02T00:23:11Z", "token_id": "19711007897046031044579594275312405944771254350980802153302868685653200183646", "transaction_hash": "0x84f7941f6afcde6650776abbd9d2deeea2c5b61b99e42ae2af3f9928dc0697e1"}, {"condition_id": "0xffcc16466bec36ad1a0d27106b53eaf338b4013c40fa6fdf446819e14318141d", "id": "0xe0a075a6c8dc017c54b3b15892455695afe3473b31ebc8fcb321ad88380ed137_0x83a4af59cf465ef4db8f693b01abad4ed054d3c7c5a9afb3a58abca8a400df7e", "outcome": "Milwaukee Brewers", "price": 0.7699999999999999, "proxy_wallet": "0xfc0847fe2ea938d6e2624650eb29ef8d8142a137", "side": "SELL", "size": 65, "slug": "mlb-cin-mil-2026-07-01", "timestamp": "2026-07-02T00:23:02Z", "token_id": "19711007897046031044579594275312405944771254350980802153302868685653200183646", "transaction_hash": "0xe0a075a6c8dc017c54b3b15892455695afe3473b31ebc8fcb321ad88380ed137"}, {"condition_id": "0xffcc16466bec36ad1a0d27106b53eaf338b4013c40fa6fdf446819e14318141d", "id": "0x2f1d4b29ae1c787b304fdf5cb307827eef89be2b4d463ad72f2fa3b8bc9ca7f7_0xf43b5338140f6035400954e4a77f1e5a3317caaafc0a5054046d43d4f7bcaff9", "outcome": "Milwaukee Brewers", "price": 0.77, "proxy_wallet": "0xfc0847fe2ea938d6e2624650eb29ef8d8142a137", "side": "SELL", "size": 501, "slug": "mlb-cin-mil-2026-07-01", "timestamp": "2026-07-02T00:23:02Z", "token_id": "19711007897046031044579594275312405944771254350980802153302868685653200183646", "transaction_hash": "0x2f1d4b29ae1c787b304fdf5cb307827eef89be2b4d463ad72f2fa3b8bc9ca7f7"}, {"condition_id": "0xffcc16466bec36ad1a0d27106b53eaf338b4013c40fa6fdf446819e14318141d", "id": "0xceb290902821a725eb0c0ac87a914b2fb50ef3d8dc345dae6844ec8fe2a2d4ef_0xcf40fe5f2579d82dbafd6402caef5ae4f79e4f410526030491f34db242f8ab8d", "outcome": "Milwaukee Brewers", "price": 0.71, "proxy_wallet": "0xfc0847fe2ea938d6e2624650eb29ef8d8142a137", "side": "BUY", "size": 2.2, "slug": "mlb-cin-mil-2026-07-01", "timestamp": "2026-07-02T00:21:25Z", "token_id": "19711007897046031044579594275312405944771254350980802153302868685653200183646", "transaction_hash": "0xceb290902821a725eb0c0ac87a914b2fb50ef3d8dc345dae6844ec8fe2a2d4ef"}, {"condition_id": "0xffcc16466bec36ad1a0d27106b53eaf338b4013c40fa6fdf446819e14318141d", "id": "0x4eb75c8e16ec81cb722970c6daeed91a40e5ea3a5ccbbb1be0e577a051911049_0x1c500ec801b9a0a727a80c35e8eecf922ef69fd828dcd00bf144479f3bb8edb5", "outcome": "Milwaukee Brewers", "price": 0.6895693543311806, "proxy_wallet": "0xfc0847fe2ea938d6e2624650eb29ef8d8142a137", "side": "BUY", "size": 667.37, "slug": "mlb-cin-mil-2026-07-01", "timestamp": "2026-07-02T00:21:22Z", "token_id": "19711007897046031044579594275312405944771254350980802153302868685653200183646", "transaction_hash": "0x4eb75c8e16ec81cb722970c6daeed91a40e5ea3a5ccbbb1be0e577a051911049"}], "polled_at": "2026-07-02T01:49:27.895609+00:00"}