{"wallet": "0xd81e5bc01e4a98d0af93d82dc2c542a4c0f9e3d0", "total_trades_90d": 200, "mlb_trades_count": 50, "mlb_condition_ids": ["0x02a7e87d80dab860a4198c289baec8ee5052fad5b7a5a453c5544b5d8992b64e", "0x047c72df5492e4b06ecce9879631de7cc88b30b3767f072de9efcbac01d8b1dd", "0x04c736342b639e05fc4eb5512a7b46fec794e79c93a6c06b89e866fe70d15003", "0x1fdac867dc0e06992ca126e7e073fd1ec709b2b07d19f3bdf4f0ddeba4e4ff42", "0x2b92ff7921ac9df284c06f414933c5b01e2ae2436367d3cf5d1619db5d977ec6", "0x31217f3c57241ea9562f250c799d6f3d394660cfe0f492ee8e9c87935591d295", "0x31e4c075fde47324ba8da91640cec6a1bf81bfa2d8589d518f5e2205d7985a84", "0x44eadfffa32972468fe521bd094c91ef5d2eb4190f2c7caf528c984ad734b89f", "0x5c86bfa33b04fb90e1f222cc3e8582cc8332f39a4abf69431cdba8f6ffae24d3", "0x6b9216836a42edd951be87b3a7e11532058687d97e84c75773dd442af1a51cf6", "0x6cbc2d6902ca3241db9ca9a78d3bb8d25ce27703090425fbc9329542d57de86b", "0x90b7a74acdebab51f757a34e63b41c70bfe071ea643e7ae88731f45e31b14373", "0xa944601a6e0f66f0404a86cb15ac1bc7043e24068d2269a0626f8cd93817d1d1", "0xc28e6b21563b09b9a801c8b96ad81e21f9c1a77c8a1db91eecf843652dd898f4", "0xc65d4e7f6f5bb008ec087c398472fd94fafe9f1d3d216283f0beb100a309042e", "0xceb1a9b8ca423afaa3cf78f0b4334e7dd685c8c464cb8750cfcb6650739ce0fa", "0xf1c215b6038f2290110e65366460cf561b6e53679d35107b766ca749d15ef45d", "0xf3869157b5e6914f96126ea7c8d34e0f7623dd2557d2266d4616440feb93deed"], "mlb_trade_details": [{"condition_id": "0x04c736342b639e05fc4eb5512a7b46fec794e79c93a6c06b89e866fe70d15003", "id": "0xe542a4f22f287d802e9e136601c39ac4a5e0e2be1170a30534a70a82482e85b3_0x3288a5a57b44ece7f95b6e4e2f1e5f1537516a88e5b323e040c7e68e729327fb", "outcome": "Pittsburgh Pirates", "price": 0.42, "proxy_wallet": "0xd81e5bc01e4a98d0af93d82dc2c542a4c0f9e3d0", "side": "BUY", "size": 1002.44, "slug": "mlb-pit-phi-2026-07-01", "timestamp": "2026-07-01T21:41:40Z", "token_id": "11562383647728491295498784192606069157753932455838420463713222976619310305836", "transaction_hash": "0xe542a4f22f287d802e9e136601c39ac4a5e0e2be1170a30534a70a82482e85b3"}, {"condition_id": "0x31217f3c57241ea9562f250c799d6f3d394660cfe0f492ee8e9c87935591d295", "id": "0x1226bc28422ebcecb34ea8001ccc6efc0a8376cb1edfbf202758555a7d868c13_0x607b47c76e4ce4999cc448026602276f9773fc3cb5a6b90937601f97a0166b6b", "outcome": "Under", "price": 0.49000000000000005, "proxy_wallet": "0xd81e5bc01e4a98d0af93d82dc2c542a4c0f9e3d0", "side": "BUY", "size": 406.21, "slug": "mlb-wsh-bos-2026-07-01-total-9pt5", "timestamp": "2026-07-01T17:19:59Z", "token_id": "107529903431823680939285662126299687609785261513610442919477389668149037579657", "transaction_hash": "0x1226bc28422ebcecb34ea8001ccc6efc0a8376cb1edfbf202758555a7d868c13"}, {"condition_id": "0x31217f3c57241ea9562f250c799d6f3d394660cfe0f492ee8e9c87935591d295", "id": "0xc8acffb1a656fb6598b2c1734c5e6927c7c69983f2679dd337743e91db7c2cb7_0xf26b5e95e425f55097d460234ce987b08e596a71df962babb95d5d7bdf682382", "outcome": "Under", "price": 0.49000000000000005, "proxy_wallet": "0xd81e5bc01e4a98d0af93d82dc2c542a4c0f9e3d0", "side": "BUY", "size": 253.88, "slug": "mlb-wsh-bos-2026-07-01-total-9pt5", "timestamp": "2026-07-01T16:38:43Z", "token_id": "107529903431823680939285662126299687609785261513610442919477389668149037579657", "transaction_hash": "0xc8acffb1a656fb6598b2c1734c5e6927c7c69983f2679dd337743e91db7c2cb7"}, {"condition_id": "0x31217f3c57241ea9562f250c799d6f3d394660cfe0f492ee8e9c87935591d295", "id": "0x4bac32a5000e1ebade1b72ffaab939224f99cc4dab53d8b5c7358d492f2062e4_0xfbf1f7757a707515af413910d4d49ebcba3ba1c376105818ba57ce25bfc78a2f", "outcome": "Under", "price": 0.49, "proxy_wallet": "0xd81e5bc01e4a98d0af93d82dc2c542a4c0f9e3d0", "side": "BUY", "size": 2782.57, "slug": "mlb-wsh-bos-2026-07-01-total-9pt5", "timestamp": "2026-07-01T16:11:08Z", "token_id": "107529903431823680939285662126299687609785261513610442919477389668149037579657", "transaction_hash": "0x4bac32a5000e1ebade1b72ffaab939224f99cc4dab53d8b5c7358d492f2062e4"}, {"condition_id": "0x31217f3c57241ea9562f250c799d6f3d394660cfe0f492ee8e9c87935591d295", "id": "0xbe0f88ced9f2ee9abd607c4389d51db090d763843e2fe9330262b7cb9f9d8aeb_0xb3fd5f0fe6965fda224feac6efc2cabf82d729ca19a7bcaebd80931e1aceab92", "outcome": "Under", "price": 0.49000000000000005, "proxy_wallet": "0xd81e5bc01e4a98d0af93d82dc2c542a4c0f9e3d0", "side": "BUY", "size": 3248.7, "slug": "mlb-wsh-bos-2026-07-01-total-9pt5", "timestamp": "2026-07-01T15:53:41Z", "token_id": "107529903431823680939285662126299687609785261513610442919477389668149037579657", "transaction_hash": "0xbe0f88ced9f2ee9abd607c4389d51db090d763843e2fe9330262b7cb9f9d8aeb"}, {"condition_id": "0x047c72df5492e4b06ecce9879631de7cc88b30b3767f072de9efcbac01d8b1dd", "id": "0x70b9337d329210bda9b4b6790fc5baa140aca2121c5dc2fd6dda2b774f2e47f0_0x15ccf4c6624344f0abc3255d0318bd7fcc8f8b928e60767addf5c845749a692a", "outcome": "Over", "price": 0.42, "proxy_wallet": "0xd81e5bc01e4a98d0af93d82dc2c542a4c0f9e3d0", "side": "BUY", "size": 1672.09, "slug": "mlb-laa-sea-2026-06-30-total-7pt5", "timestamp": "2026-07-01T01:37:22Z", "token_id": "12878130062548891492908398691599552666005282138869227794952134186533251114729", "transaction_hash": "0x70b9337d329210bda9b4b6790fc5baa140aca2121c5dc2fd6dda2b774f2e47f0"}, {"condition_id": "0x5c86bfa33b04fb90e1f222cc3e8582cc8332f39a4abf69431cdba8f6ffae24d3", "id": "0xf54675b1a43c78ca8fc226338cb4e5507f55ac375cae42114416472ab03662e6_0x27b2e543365fb8c3c56a161dd5dbbe9860d4f604cff8daa2199527cd922c82f9", "outcome": "Over", "price": 0.47, "proxy_wallet": "0xd81e5bc01e4a98d0af93d82dc2c542a4c0f9e3d0", "side": "BUY", "size": 21339.29, "slug": "mlb-lad-oak-2026-06-30-total-11pt5", "timestamp": "2026-07-01T01:26:13Z", "token_id": "18580951369828070863860749111127117388634110447303740337653985236616252230512", "transaction_hash": "0xf54675b1a43c78ca8fc226338cb4e5507f55ac375cae42114416472ab03662e6"}, {"condition_id": "0x5c86bfa33b04fb90e1f222cc3e8582cc8332f39a4abf69431cdba8f6ffae24d3", "id": "0x737ee0666a4bfa9830e654815272ebd6cc8ed13df033ec19ccf6825ae5ce89e7_0xb10406d394ce452065cad9208340597587a4361a2d9c656a2493657e274af9f2", "outcome": "Over", "price": 0.47, "proxy_wallet": "0xd81e5bc01e4a98d0af93d82dc2c542a4c0f9e3d0", "side": "BUY", "size": 20323.13, "slug": "mlb-lad-oak-2026-06-30-total-11pt5", "timestamp": "2026-07-01T01:25:31Z", "token_id": "18580951369828070863860749111127117388634110447303740337653985236616252230512", "transaction_hash": "0x737ee0666a4bfa9830e654815272ebd6cc8ed13df033ec19ccf6825ae5ce89e7"}, {"condition_id": "0x5c86bfa33b04fb90e1f222cc3e8582cc8332f39a4abf69431cdba8f6ffae24d3", "id": "0x2641ea3dabebac447664fd72127b23634bba1e27080d5ce2664fd6df4a827a4d_0xfc577aad8e19f92c13953d282f187136a888ddf85700a0b8239a14af3df987d6", "outcome": "Over", "price": 0.47000000000000003, "proxy_wallet": "0xd81e5bc01e4a98d0af93d82dc2c542a4c0f9e3d0", "side": "BUY", "size": 10517.22, "slug": "mlb-lad-oak-2026-06-30-total-11pt5", "timestamp": "2026-07-01T01:10:41Z", "token_id": "18580951369828070863860749111127117388634110447303740337653985236616252230512", "transaction_hash": "0x2641ea3dabebac447664fd72127b23634bba1e27080d5ce2664fd6df4a827a4d"}, {"condition_id": "0xceb1a9b8ca423afaa3cf78f0b4334e7dd685c8c464cb8750cfcb6650739ce0fa", "id": "0x5fbe1abea06308d6fd6065e082226c3941bd283e5e503020c78a60fd10c70529_0x40a8c48f3779267723a5acb93213f5409ea30572fc94f5686232c622c607c6e7", "outcome": "Under", "price": 0.5200000000000001, "proxy_wallet": "0xd81e5bc01e4a98d0af93d82dc2c542a4c0f9e3d0", "side": "BUY", "size": 9.95, "slug": "mlb-min-hou-2026-06-30-total-8pt5", "timestamp": "2026-06-30T23:46:43Z", "token_id": "81320924559551596861116786926275632459381887593308629833144978405754649383531", "transaction_hash": "0x5fbe1abea06308d6fd6065e082226c3941bd283e5e503020c78a60fd10c70529"}, {"condition_id": "0x047c72df5492e4b06ecce9879631de7cc88b30b3767f072de9efcbac01d8b1dd", "id": "0x3545f313855a6f462b4a9595be11b8fa3ed59dcbf602007fc47f77c2c50babbb_0x3436760c7dd841208dc54ae0a2c67adcb09592e9c84a3d1b6068bf7ec8c6b8b9", "outcome": "Over", "price": 0.44, "proxy_wallet": "0xd81e5bc01e4a98d0af93d82dc2c542a4c0f9e3d0", "side": "BUY", "size": 8110.25, "slug": "mlb-laa-sea-2026-06-30-total-7pt5", "timestamp": "2026-06-30T23:37:28Z", "token_id": "12878130062548891492908398691599552666005282138869227794952134186533251114729", "transaction_hash": "0x3545f313855a6f462b4a9595be11b8fa3ed59dcbf602007fc47f77c2c50babbb"}, {"condition_id": "0x2b92ff7921ac9df284c06f414933c5b01e2ae2436367d3cf5d1619db5d977ec6", "id": "0x4270fe3f8edfe2be4a515809d7bb9d9a05cf8c3ea783a658a9dc7d37dd83e849_0xd14293b254aa9ea473a4b00518d91f95145bf37481d000592c179427a1bcfc87", "outcome": "Los Angeles Angels", "price": 0.36000000000000004, "proxy_wallet": "0xd81e5bc01e4a98d0af93d82dc2c542a4c0f9e3d0", "side": "BUY", "size": 660.68, "slug": "mlb-laa-sea-2026-06-30", "timestamp": "2026-06-30T23:36:50Z", "token_id": "112147185103898640732147327846230339350167167545447289307545904178212595666962", "transaction_hash": "0x4270fe3f8edfe2be4a515809d7bb9d9a05cf8c3ea783a658a9dc7d37dd83e849"}, {"condition_id": "0x2b92ff7921ac9df284c06f414933c5b01e2ae2436367d3cf5d1619db5d977ec6", "id": "0xbd852a927510bf580e51d97cfb3fa7721bad812992a1206ee8c8a222bc00b3ed_0x9643b5e6f1b5271195a273a574d4dcf28a592e3e98163bfb0d68a27cb1d4a555", "outcome": "Los Angeles Angels", "price": 0.35999999999999993, "proxy_wallet": "0xd81e5bc01e4a98d0af93d82dc2c542a4c0f9e3d0", "side": "BUY", "size": 550.57, "slug": "mlb-laa-sea-2026-06-30", "timestamp": "2026-06-30T23:34:37Z", "token_id": "112147185103898640732147327846230339350167167545447289307545904178212595666962", "transaction_hash": "0xbd852a927510bf580e51d97cfb3fa7721bad812992a1206ee8c8a222bc00b3ed"}, {"condition_id": "0x2b92ff7921ac9df284c06f414933c5b01e2ae2436367d3cf5d1619db5d977ec6", "id": "0xb98481b7ab21dc44e882b4418f614418c7f852028faae4c2a46082138beaba03_0x77fee82219006a2b7372027a2709a7245ff8b3f0ecae05c427f4e009e61311e1", "outcome": "Los Angeles Angels", "price": 0.36, "proxy_wallet": "0xd81e5bc01e4a98d0af93d82dc2c542a4c0f9e3d0", "side": "BUY", "size": 812.6, "slug": "mlb-laa-sea-2026-06-30", "timestamp": "2026-06-30T23:31:53Z", "token_id": "112147185103898640732147327846230339350167167545447289307545904178212595666962", "transaction_hash": "0xb98481b7ab21dc44e882b4418f614418c7f852028faae4c2a46082138beaba03"}, {"condition_id": "0x2b92ff7921ac9df284c06f414933c5b01e2ae2436367d3cf5d1619db5d977ec6", "id": "0xe526a069b927e33678e8c8807673a96246ac47fa1462797ebed263ef2b94f723_0xcc0310119d45562f2ab4c9e3523dda75ef3999ab4a48da564a1183120a14cd63", "outcome": "Los Angeles Angels", "price": 0.35999999999999993, "proxy_wallet": "0xd81e5bc01e4a98d0af93d82dc2c542a4c0f9e3d0", "side": "BUY", "size": 5144.77, "slug": "mlb-laa-sea-2026-06-30", "timestamp": "2026-06-30T23:15:11Z", "token_id": "112147185103898640732147327846230339350167167545447289307545904178212595666962", "transaction_hash": "0xe526a069b927e33678e8c8807673a96246ac47fa1462797ebed263ef2b94f723"}, {"condition_id": "0xceb1a9b8ca423afaa3cf78f0b4334e7dd685c8c464cb8750cfcb6650739ce0fa", "id": "0xefbe1e045c58f0b7f0d9e74ea78cd240e122674ce5f2b2cbe65c85431444d556_0x40a8c48f3779267723a5acb93213f5409ea30572fc94f5686232c622c607c6e7", "outcome": "Under", "price": 0.52, "proxy_wallet": "0xd81e5bc01e4a98d0af93d82dc2c542a4c0f9e3d0", "side": "BUY", "size": 5.1, "slug": "mlb-min-hou-2026-06-30-total-8pt5", "timestamp": "2026-06-30T23:11:26Z", "token_id": "81320924559551596861116786926275632459381887593308629833144978405754649383531", "transaction_hash": "0xefbe1e045c58f0b7f0d9e74ea78cd240e122674ce5f2b2cbe65c85431444d556"}, {"condition_id": "0x2b92ff7921ac9df284c06f414933c5b01e2ae2436367d3cf5d1619db5d977ec6", "id": "0xd3f6a01caaafd6bab13503732be5d30c59ae5e1dfdd8f951e8ccb1c458a1878f_0xe95a130d1570970c767f6c6e6de20fec5fa47832121cbb46f8c76ce21d77b2ab", "outcome": "Los Angeles Angels", "price": 0.36000000000000004, "proxy_wallet": "0xd81e5bc01e4a98d0af93d82dc2c542a4c0f9e3d0", "side": "BUY", "size": 3265.7, "slug": "mlb-laa-sea-2026-06-30", "timestamp": "2026-06-30T22:49:04Z", "token_id": "112147185103898640732147327846230339350167167545447289307545904178212595666962", "transaction_hash": "0xd3f6a01caaafd6bab13503732be5d30c59ae5e1dfdd8f951e8ccb1c458a1878f"}, {"condition_id": "0x2b92ff7921ac9df284c06f414933c5b01e2ae2436367d3cf5d1619db5d977ec6", "id": "0x7fbf37839775f889c47dc6b174789b114c8946849f47c1005b8fe7b13c4d1d59_0x6962eace8deeb8c1e81e372317061a2516c846693adceb293df86dd99a5f8340", "outcome": "Los Angeles Angels", "price": 0.36000000000000004, "proxy_wallet": "0xd81e5bc01e4a98d0af93d82dc2c542a4c0f9e3d0", "side": "BUY", "size": 55464.92, "slug": "mlb-laa-sea-2026-06-30", "timestamp": "2026-06-30T22:47:40Z", "token_id": "112147185103898640732147327846230339350167167545447289307545904178212595666962", "transaction_hash": "0x7fbf37839775f889c47dc6b174789b114c8946849f47c1005b8fe7b13c4d1d59"}, {"condition_id": "0x6b9216836a42edd951be87b3a7e11532058687d97e84c75773dd442af1a51cf6", "id": "0xefddb51944e8b8dae35c20c07d07aefcbe4c9c9a77d76de0a1fbec69d9f234c5_0x124bfafcea74bced282e9d1dbd8eff4eeaedabd8191b14a5a492d5fd3fd5163e", "outcome": "Over", "price": 0.45999999999999996, "proxy_wallet": "0xd81e5bc01e4a98d0af93d82dc2c542a4c0f9e3d0", "side": "BUY", "size": 3049.4, "slug": "mlb-stl-atl-2026-06-30-total-9pt5", "timestamp": "2026-06-30T22:44:20Z", "token_id": "96961671425435053949740928293112195928210761463865511353325513015438692864574", "transaction_hash": "0xefddb51944e8b8dae35c20c07d07aefcbe4c9c9a77d76de0a1fbec69d9f234c5"}, {"condition_id": "0xceb1a9b8ca423afaa3cf78f0b4334e7dd685c8c464cb8750cfcb6650739ce0fa", "id": "0xc9fc1b02b18bf33ee9b4a9659e650e884cdc4c971fc8b4fe6de55fbcef83097b_0x40a8c48f3779267723a5acb93213f5409ea30572fc94f5686232c622c607c6e7", "outcome": "Under", "price": 0.5199999999999999, "proxy_wallet": "0xd81e5bc01e4a98d0af93d82dc2c542a4c0f9e3d0", "side": "BUY", "size": 1030.42, "slug": "mlb-min-hou-2026-06-30-total-8pt5", "timestamp": "2026-06-30T22:33:28Z", "token_id": "81320924559551596861116786926275632459381887593308629833144978405754649383531", "transaction_hash": "0xc9fc1b02b18bf33ee9b4a9659e650e884cdc4c971fc8b4fe6de55fbcef83097b"}, {"condition_id": "0xc28e6b21563b09b9a801c8b96ad81e21f9c1a77c8a1db91eecf843652dd898f4", "id": "0x8ea6814d7c3b2f836a1bf67b6c72bc876a67075dc2d278277906ebe6cd5c9498_0xc6cc1f755a88220ad479bf3ecf187a90c1d0136a2497c58511af8930004e3132", "outcome": "Over", "price": 0.48999999999999994, "proxy_wallet": "0xd81e5bc01e4a98d0af93d82dc2c542a4c0f9e3d0", "side": "BUY", "size": 10155.37, "slug": "mlb-cws-bal-2026-06-30-total-10pt5", "timestamp": "2026-06-30T22:31:43Z", "token_id": "650599019228412576964357073089771937758749764867960713334909562384765354093", "transaction_hash": "0x8ea6814d7c3b2f836a1bf67b6c72bc876a67075dc2d278277906ebe6cd5c9498"}, {"condition_id": "0xc28e6b21563b09b9a801c8b96ad81e21f9c1a77c8a1db91eecf843652dd898f4", "id": "0xc2585305e29044397837a480c13989064ef2dd1ee18dd4e8eee8b2ffc33d2ab3_0xdfb604d96534cec0a18f2dcbc1ee474358dd4ffa5d93644b7758d100d2705b48", "outcome": "Over", "price": 0.49, "proxy_wallet": "0xd81e5bc01e4a98d0af93d82dc2c542a4c0f9e3d0", "side": "BUY", "size": 10307.7, "slug": "mlb-cws-bal-2026-06-30-total-10pt5", "timestamp": "2026-06-30T22:31:01Z", "token_id": "650599019228412576964357073089771937758749764867960713334909562384765354093", "transaction_hash": "0xc2585305e29044397837a480c13989064ef2dd1ee18dd4e8eee8b2ffc33d2ab3"}, {"condition_id": "0xc28e6b21563b09b9a801c8b96ad81e21f9c1a77c8a1db91eecf843652dd898f4", "id": "0xfb720b8714d09dd5f7c81162dde02defb5de8d76d3ae7c8957571c927503b011_0x1676a7d0504b63310c29a1f17c9202d4db7fc272d99318b4bfb6af743d796348", "outcome": "Over", "price": 0.49000000000000005, "proxy_wallet": "0xd81e5bc01e4a98d0af93d82dc2c542a4c0f9e3d0", "side": "BUY", "size": 2017.87, "slug": "mlb-cws-bal-2026-06-30-total-10pt5", "timestamp": "2026-06-30T22:25:34Z", "token_id": "650599019228412576964357073089771937758749764867960713334909562384765354093", "transaction_hash": "0xfb720b8714d09dd5f7c81162dde02defb5de8d76d3ae7c8957571c927503b011"}, {"condition_id": "0xceb1a9b8ca423afaa3cf78f0b4334e7dd685c8c464cb8750cfcb6650739ce0fa", "id": "0x2d876b66fb6dd6c458a45b8f92ba5799202b9120b0c4eaf482a86886e8ed4fbb_0x5056b4090048047a76ee2203accafb2112e0553d93d638d6aadec7d2acfd01df", "outcome": "Under", "price": 0.51, "proxy_wallet": "0xd81e5bc01e4a98d0af93d82dc2c542a4c0f9e3d0", "side": "BUY", "size": 3903.37, "slug": "mlb-min-hou-2026-06-30-total-8pt5", "timestamp": "2026-06-30T21:06:17Z", "token_id": "81320924559551596861116786926275632459381887593308629833144978405754649383531", "transaction_hash": "0x2d876b66fb6dd6c458a45b8f92ba5799202b9120b0c4eaf482a86886e8ed4fbb"}, {"condition_id": "0xa944601a6e0f66f0404a86cb15ac1bc7043e24068d2269a0626f8cd93817d1d1", "id": "0x5dccfc4c08f061e5a83bfd0a51330da3e062e72393e252fd8912e7f943ed0086_0xee54a1a08b1a41f72d47f5a29b1411d38cd13eb6c5a76e7a0b0e27802be4a2bc", "outcome": "Chicago Cubs", "price": 0.5270521523951816, "proxy_wallet": "0xd81e5bc01e4a98d0af93d82dc2c542a4c0f9e3d0", "side": "BUY", "size": 856.72, "slug": "mlb-sd-chc-2026-07-01", "timestamp": "2026-06-30T19:12:20Z", "token_id": "49258303569059725662937303926640975097640486310659229744654774240418723074445", "transaction_hash": "0x5dccfc4c08f061e5a83bfd0a51330da3e062e72393e252fd8912e7f943ed0086"}, {"condition_id": "0x44eadfffa32972468fe521bd094c91ef5d2eb4190f2c7caf528c984ad734b89f", "id": "0x24fcd6b09c60cab416af257a65ab37cb3d28d293184eac7cab983eeb50dc02cc_0xea3b42ec170be673e338cfdee244b52d4115579d7cbdb0efa4a890667fa6c5a1", "outcome": "Over", "price": 0.57, "proxy_wallet": "0xd81e5bc01e4a98d0af93d82dc2c542a4c0f9e3d0", "side": "BUY", "size": 17.13, "slug": "mlb-lad-oak-2026-06-30-total-10pt5", "timestamp": "2026-06-30T19:04:44Z", "token_id": "113920891144979991271342209855389601476041805222536929335813503845142216967722", "transaction_hash": "0x24fcd6b09c60cab416af257a65ab37cb3d28d293184eac7cab983eeb50dc02cc"}, {"condition_id": "0x44eadfffa32972468fe521bd094c91ef5d2eb4190f2c7caf528c984ad734b89f", "id": "0xda5ba9ac2b5aa45f2e5c094d5abefca94ca864b670151a87ed9a121f2b7e57f8_0xea3b42ec170be673e338cfdee244b52d4115579d7cbdb0efa4a890667fa6c5a1", "outcome": "Over", "price": 0.5700000000000001, "proxy_wallet": "0xd81e5bc01e4a98d0af93d82dc2c542a4c0f9e3d0", "side": "BUY", "size": 10, "slug": "mlb-lad-oak-2026-06-30-total-10pt5", "timestamp": "2026-06-30T18:54:23Z", "token_id": "113920891144979991271342209855389601476041805222536929335813503845142216967722", "transaction_hash": "0xda5ba9ac2b5aa45f2e5c094d5abefca94ca864b670151a87ed9a121f2b7e57f8"}, {"condition_id": "0x44eadfffa32972468fe521bd094c91ef5d2eb4190f2c7caf528c984ad734b89f", "id": "0x9122b3a9feb5b321f84497adde27b38693c904dc294ec38d31b53948dfe45b27_0xea3b42ec170be673e338cfdee244b52d4115579d7cbdb0efa4a890667fa6c5a1", "outcome": "Over", "price": 0.57, "proxy_wallet": "0xd81e5bc01e4a98d0af93d82dc2c542a4c0f9e3d0", "side": "BUY", "size": 2076, "slug": "mlb-lad-oak-2026-06-30-total-10pt5", "timestamp": "2026-06-30T18:54:08Z", "token_id": "113920891144979991271342209855389601476041805222536929335813503845142216967722", "transaction_hash": "0x9122b3a9feb5b321f84497adde27b38693c904dc294ec38d31b53948dfe45b27"}, {"condition_id": "0x90b7a74acdebab51f757a34e63b41c70bfe071ea643e7ae88731f45e31b14373", "id": "0xc6cc6ad2d76dc345ecad1ecde0c561bafcd96600a8cf140de592a27bd7d04a16_0xc6521a5d7790837b9d5cc61dd3b13cbc02a55aa828dc1a6ff4f4f8062784e3e0", "outcome": "Over", "price": 0.53, "proxy_wallet": "0xd81e5bc01e4a98d0af93d82dc2c542a4c0f9e3d0", "side": "BUY", "size": 951, "slug": "mlb-nym-tor-2026-06-30-total-7pt5", "timestamp": "2026-06-30T04:59:01Z", "token_id": "14012035383400573723876346869364711433354519627382368245723079760809576287693", "transaction_hash": "0xc6cc6ad2d76dc345ecad1ecde0c561bafcd96600a8cf140de592a27bd7d04a16"}, {"condition_id": "0xc65d4e7f6f5bb008ec087c398472fd94fafe9f1d3d216283f0beb100a309042e", "id": "0x47debd6b715a39b55f932db35d93b20738c9422751e5ded8b39ecd1b428335b1_0x6531e0e8ee579d6e5affe68d2ebadd8b86bd2ea5fd33dfcf9de8d30802724a07", "outcome": "Colorado Rockies", "price": 0.39999999999999997, "proxy_wallet": "0xd81e5bc01e4a98d0af93d82dc2c542a4c0f9e3d0", "side": "BUY", "size": 4989.81, "slug": "mlb-mia-col-2026-06-30", "timestamp": "2026-06-30T00:27:23Z", "token_id": "50916576962087388762658214124963475747354132412168089738112466186156583474724", "transaction_hash": "0x47debd6b715a39b55f932db35d93b20738c9422751e5ded8b39ecd1b428335b1"}, {"condition_id": "0xc65d4e7f6f5bb008ec087c398472fd94fafe9f1d3d216283f0beb100a309042e", "id": "0xa2f8d8cac72f8c801b74eeb16e631baa6440270dfa926806013e6526835812c8_0xa252a4df872e95a8700c0038ad3b7844ed3bfba8c3c6e300b681089acd6738b1", "outcome": "Colorado Rockies", "price": 0.39999999999999997, "proxy_wallet": "0xd81e5bc01e4a98d0af93d82dc2c542a4c0f9e3d0", "side": "BUY", "size": 4928.71, "slug": "mlb-mia-col-2026-06-30", "timestamp": "2026-06-30T00:26:56Z", "token_id": "50916576962087388762658214124963475747354132412168089738112466186156583474724", "transaction_hash": "0xa2f8d8cac72f8c801b74eeb16e631baa6440270dfa926806013e6526835812c8"}, {"condition_id": "0xc65d4e7f6f5bb008ec087c398472fd94fafe9f1d3d216283f0beb100a309042e", "id": "0xd9792a84f54996513e6819a51352cd3d0387f650743b6dbaf7ddab505d0c8709_0x8d4efa77d99f3ec1faf19e2210f479c225bd84185b2f88b919abb9527f5b6185", "outcome": "Colorado Rockies", "price": 0.41000000000000003, "proxy_wallet": "0xd81e5bc01e4a98d0af93d82dc2c542a4c0f9e3d0", "side": "BUY", "size": 617.93, "slug": "mlb-mia-col-2026-06-30", "timestamp": "2026-06-30T00:24:56Z", "token_id": "50916576962087388762658214124963475747354132412168089738112466186156583474724", "transaction_hash": "0xd9792a84f54996513e6819a51352cd3d0387f650743b6dbaf7ddab505d0c8709"}, {"condition_id": "0xf1c215b6038f2290110e65366460cf561b6e53679d35107b766ca749d15ef45d", "id": "0xc53a0e0c2acc94a03996bd68a969d697e85e023f0c256225e201b48fdb7a45f5_0x80bb460732a6ab1abf8deec770b3894a5098cc4e191db1adf08f89e410e1b240", "outcome": "Over", "price": 0.47000000000000003, "proxy_wallet": "0xd81e5bc01e4a98d0af93d82dc2c542a4c0f9e3d0", "side": "BUY", "size": 10517.22, "slug": "mlb-sd-chc-2026-06-29-total-11pt5", "timestamp": "2026-06-29T23:34:52Z", "token_id": "22773513649430977592926575644583930489602901104715676351305096554778515544716", "transaction_hash": "0xc53a0e0c2acc94a03996bd68a969d697e85e023f0c256225e201b48fdb7a45f5"}, {"condition_id": "0x31e4c075fde47324ba8da91640cec6a1bf81bfa2d8589d518f5e2205d7985a84", "id": "0x6c2956a0b554678f15450fa377ff6fccc357b5688bd1e87a950d2122f94409a8_0x77277d17d81987e0d6cb89b5deee44be3cca19518be12e598def36108755321a", "outcome": "Under", "price": 0.5, "proxy_wallet": "0xd81e5bc01e4a98d0af93d82dc2c542a4c0f9e3d0", "side": "BUY", "size": 2300, "slug": "mlb-tex-cle-2026-06-29-total-7pt5", "timestamp": "2026-06-29T23:10:05Z", "token_id": "110995808700007210175443255710188882420947204334795768604227729102290417878404", "transaction_hash": "0x6c2956a0b554678f15450fa377ff6fccc357b5688bd1e87a950d2122f94409a8"}, {"condition_id": "0x6cbc2d6902ca3241db9ca9a78d3bb8d25ce27703090425fbc9329542d57de86b", "id": "0xab3f15aab9d0d68e8b8e30e38183735d7808138b708308ed18bc94630fbb7d51_0x80ec42b6b1997e4fd0cba31d25591dd2770ec71c2747388de5bc215b4f628389", "outcome": "Pittsburgh Pirates", "price": 0.48, "proxy_wallet": "0xd81e5bc01e4a98d0af93d82dc2c542a4c0f9e3d0", "side": "BUY", "size": 6582.68, "slug": "mlb-pit-phi-2026-06-29", "timestamp": "2026-06-29T22:39:16Z", "token_id": "75959789117469959079726010354921504636869052595261283727282447719186699364377", "transaction_hash": "0xab3f15aab9d0d68e8b8e30e38183735d7808138b708308ed18bc94630fbb7d51"}, {"condition_id": "0xf3869157b5e6914f96126ea7c8d34e0f7623dd2557d2266d4616440feb93deed", "id": "0x13a6adb9939b030cd764cfe5d2e7f89412ac3c5ca56dc09498f597fb53e8c046_0x0270abb0ed581ea67003e2f66cb5caeceb04d4eb93479fc29fed2a4823aab859", "outcome": "Washington Nationals", "price": 0.38, "proxy_wallet": "0xd81e5bc01e4a98d0af93d82dc2c542a4c0f9e3d0", "side": "BUY", "size": 2547.38, "slug": "mlb-wsh-bos-2026-06-29", "timestamp": "2026-06-29T22:36:07Z", "token_id": "13225357866024479311323612183202735736925639050999797426939812231561134255877", "transaction_hash": "0x13a6adb9939b030cd764cfe5d2e7f89412ac3c5ca56dc09498f597fb53e8c046"}, {"condition_id": "0x1fdac867dc0e06992ca126e7e073fd1ec709b2b07d19f3bdf4f0ddeba4e4ff42", "id": "0xd55222b570581e49e0de22ae669ed70a7854afd88dddd77a046a2be8922e0b5f_0xc3d6ab69a6b7536fd4302085843f86bac6972560d58cb41b5fc5599c04b92726", "outcome": "Cincinnati Reds", "price": 0.61, "proxy_wallet": "0xd81e5bc01e4a98d0af93d82dc2c542a4c0f9e3d0", "side": "BUY", "size": 5.16, "slug": "mlb-cin-mil-2026-06-29-spread-home-1pt5", "timestamp": "2026-06-29T21:54:53Z", "token_id": "41770826504701103773794388066184167798764730618216960468833472875501311545493", "transaction_hash": "0xd55222b570581e49e0de22ae669ed70a7854afd88dddd77a046a2be8922e0b5f"}, {"condition_id": "0x1fdac867dc0e06992ca126e7e073fd1ec709b2b07d19f3bdf4f0ddeba4e4ff42", "id": "0xcf96ca9207800e0fdbfd7e29c7bd6dd403bcf84f0038544720a3c0f8455cfb54_0xc3d6ab69a6b7536fd4302085843f86bac6972560d58cb41b5fc5599c04b92726", "outcome": "Cincinnati Reds", "price": 0.61, "proxy_wallet": "0xd81e5bc01e4a98d0af93d82dc2c542a4c0f9e3d0", "side": "BUY", "size": 5, "slug": "mlb-cin-mil-2026-06-29-spread-home-1pt5", "timestamp": "2026-06-29T21:50:31Z", "token_id": "41770826504701103773794388066184167798764730618216960468833472875501311545493", "transaction_hash": "0xcf96ca9207800e0fdbfd7e29c7bd6dd403bcf84f0038544720a3c0f8455cfb54"}, {"condition_id": "0x6cbc2d6902ca3241db9ca9a78d3bb8d25ce27703090425fbc9329542d57de86b", "id": "0xd770c28eeb065939874f859aa1191bbe608b616321ce49ea02e1a83f919c0e92_0x31931d39fc68f0d1cf6b9bb47e632802b0f834cbb74ee2fef190656478d11bc9", "outcome": "Pittsburgh Pirates", "price": 0.48, "proxy_wallet": "0xd81e5bc01e4a98d0af93d82dc2c542a4c0f9e3d0", "side": "BUY", "size": 17616.82, "slug": "mlb-pit-phi-2026-06-29", "timestamp": "2026-06-29T21:46:11Z", "token_id": "75959789117469959079726010354921504636869052595261283727282447719186699364377", "transaction_hash": "0xd770c28eeb065939874f859aa1191bbe608b616321ce49ea02e1a83f919c0e92"}, {"condition_id": "0x6cbc2d6902ca3241db9ca9a78d3bb8d25ce27703090425fbc9329542d57de86b", "id": "0x2484f04a35b5c2a2e8ff0817bd91aa9d9aa887fff681a487a4cc0740f864258e_0xe84ede3468b2392a0e981accbca1ad45c51f6a2dacaf57c4876c817f84281d45", "outcome": "Pittsburgh Pirates", "price": 0.48, "proxy_wallet": "0xd81e5bc01e4a98d0af93d82dc2c542a4c0f9e3d0", "side": "BUY", "size": 19762.29, "slug": "mlb-pit-phi-2026-06-29", "timestamp": "2026-06-29T21:43:29Z", "token_id": "75959789117469959079726010354921504636869052595261283727282447719186699364377", "transaction_hash": "0x2484f04a35b5c2a2e8ff0817bd91aa9d9aa887fff681a487a4cc0740f864258e"}, {"condition_id": "0x1fdac867dc0e06992ca126e7e073fd1ec709b2b07d19f3bdf4f0ddeba4e4ff42", "id": "0x216bb546c81b38bf0a9c9ec227bfc7358b7331a9acbbe93ee7a6d64f26219c21_0xc3d6ab69a6b7536fd4302085843f86bac6972560d58cb41b5fc5599c04b92726", "outcome": "Cincinnati Reds", "price": 0.6100000140400009, "proxy_wallet": "0xd81e5bc01e4a98d0af93d82dc2c542a4c0f9e3d0", "side": "BUY", "size": 25.641024, "slug": "mlb-cin-mil-2026-06-29-spread-home-1pt5", "timestamp": "2026-06-29T21:24:35Z", "token_id": "41770826504701103773794388066184167798764730618216960468833472875501311545493", "transaction_hash": "0x216bb546c81b38bf0a9c9ec227bfc7358b7331a9acbbe93ee7a6d64f26219c21"}, {"condition_id": "0x02a7e87d80dab860a4198c289baec8ee5052fad5b7a5a453c5544b5d8992b64e", "id": "0x0fcecedb24d9fe321dbcab4555fa6316542803afb520bdaa542a2860f437fca0_0xf348eb58445d312f7d4c4ab502d06cb41afd81813d9afb48780fc217270ef234", "outcome": "Under", "price": 0.48, "proxy_wallet": "0xd81e5bc01e4a98d0af93d82dc2c542a4c0f9e3d0", "side": "BUY", "size": 12296.77, "slug": "mlb-nym-tor-2026-06-29-total-8pt5", "timestamp": "2026-06-29T20:52:46Z", "token_id": "34932633786808043290439505943478450955343584497385046178727182728744700174933", "transaction_hash": "0x0fcecedb24d9fe321dbcab4555fa6316542803afb520bdaa542a2860f437fca0"}, {"condition_id": "0x02a7e87d80dab860a4198c289baec8ee5052fad5b7a5a453c5544b5d8992b64e", "id": "0x7400e04fe271629829cb0b995a21864362b0cffcf177c0a5b29f5eb6828a2625_0xed0592891d8399cdefc1ba18d566f3df2b104a8cf03aa1449c0655a0251c0f09", "outcome": "Under", "price": 0.48, "proxy_wallet": "0xd81e5bc01e4a98d0af93d82dc2c542a4c0f9e3d0", "side": "BUY", "size": 24501.21, "slug": "mlb-nym-tor-2026-06-29-total-8pt5", "timestamp": "2026-06-29T20:52:19Z", "token_id": "34932633786808043290439505943478450955343584497385046178727182728744700174933", "transaction_hash": "0x7400e04fe271629829cb0b995a21864362b0cffcf177c0a5b29f5eb6828a2625"}, {"condition_id": "0x02a7e87d80dab860a4198c289baec8ee5052fad5b7a5a453c5544b5d8992b64e", "id": "0xb2a0e642e21b5716cc9643a96d56f006f6207ad7ef602574891bff922443eb5e_0xb2db3ef321ece4c05aac79680068cfbcb4ade0e6236091e74fc1f5f13b9e81b8", "outcome": "Under", "price": 0.48, "proxy_wallet": "0xd81e5bc01e4a98d0af93d82dc2c542a4c0f9e3d0", "side": "BUY", "size": 12070.29, "slug": "mlb-nym-tor-2026-06-29-total-8pt5", "timestamp": "2026-06-29T20:51:58Z", "token_id": "34932633786808043290439505943478450955343584497385046178727182728744700174933", "transaction_hash": "0xb2a0e642e21b5716cc9643a96d56f006f6207ad7ef602574891bff922443eb5e"}, {"condition_id": "0x02a7e87d80dab860a4198c289baec8ee5052fad5b7a5a453c5544b5d8992b64e", "id": "0x431c3a9016ea52d2b7f8dfc4787bc8c8dfefe2cdc8292ca5147b07ea38805649_0x188d415d8553de5904c00b7861f644ccb65c7374da92cde18b9cda109cd1dcfd", "outcome": "Under", "price": 0.48, "proxy_wallet": "0xd81e5bc01e4a98d0af93d82dc2c542a4c0f9e3d0", "side": "BUY", "size": 1242.38, "slug": "mlb-nym-tor-2026-06-29-total-8pt5", "timestamp": "2026-06-29T20:51:52Z", "token_id": "34932633786808043290439505943478450955343584497385046178727182728744700174933", "transaction_hash": "0x431c3a9016ea52d2b7f8dfc4787bc8c8dfefe2cdc8292ca5147b07ea38805649"}, {"condition_id": "0x02a7e87d80dab860a4198c289baec8ee5052fad5b7a5a453c5544b5d8992b64e", "id": "0x82c809d43fb20714120d3cf8688ae924ed3404080f20b04a99c300f035cac4ab_0xfed0bf7e88bb3b118585db16a807d11fd7bc6935ccc7406a3f8cd46e793bcbe6", "outcome": "Under", "price": 0.48000000000000004, "proxy_wallet": "0xd81e5bc01e4a98d0af93d82dc2c542a4c0f9e3d0", "side": "BUY", "size": 1320.6, "slug": "mlb-nym-tor-2026-06-29-total-8pt5", "timestamp": "2026-06-29T20:51:46Z", "token_id": "34932633786808043290439505943478450955343584497385046178727182728744700174933", "transaction_hash": "0x82c809d43fb20714120d3cf8688ae924ed3404080f20b04a99c300f035cac4ab"}, {"condition_id": "0x02a7e87d80dab860a4198c289baec8ee5052fad5b7a5a453c5544b5d8992b64e", "id": "0x8af27eb6520f3c25b593c2b1b730e5da1b3f562f306dbd8f812eb15d94d15626_0xa258d18535765aaea51a96915c15d8964f09df066ee84add58090b81a482ad2d", "outcome": "Under", "price": 0.48, "proxy_wallet": "0xd81e5bc01e4a98d0af93d82dc2c542a4c0f9e3d0", "side": "BUY", "size": 12068.26, "slug": "mlb-nym-tor-2026-06-29-total-8pt5", "timestamp": "2026-06-29T20:51:28Z", "token_id": "34932633786808043290439505943478450955343584497385046178727182728744700174933", "transaction_hash": "0x8af27eb6520f3c25b593c2b1b730e5da1b3f562f306dbd8f812eb15d94d15626"}, {"condition_id": "0x02a7e87d80dab860a4198c289baec8ee5052fad5b7a5a453c5544b5d8992b64e", "id": "0x8f88edfa172f68ea19884306a61177dbd54bdca3592296570edd14e37249b43c_0x99a1c220dadfb7da1ec6788cc005d98bb75d279b5a7b9aa9547c026f57511677", "outcome": "Under", "price": 0.48, "proxy_wallet": "0xd81e5bc01e4a98d0af93d82dc2c542a4c0f9e3d0", "side": "BUY", "size": 12430.92, "slug": "mlb-nym-tor-2026-06-29-total-8pt5", "timestamp": "2026-06-29T20:51:22Z", "token_id": "34932633786808043290439505943478450955343584497385046178727182728744700174933", "transaction_hash": "0x8f88edfa172f68ea19884306a61177dbd54bdca3592296570edd14e37249b43c"}, {"condition_id": "0x02a7e87d80dab860a4198c289baec8ee5052fad5b7a5a453c5544b5d8992b64e", "id": "0xab8020ef02cfe496bb751e8189e7ee6b5d9fc76a9540db4009714712a9d571c3_0x71953afe7cd298b25774eb811769a646d4ff274e0de58a341959f18180dfaf23", "outcome": "Under", "price": 0.48, "proxy_wallet": "0xd81e5bc01e4a98d0af93d82dc2c542a4c0f9e3d0", "side": "BUY", "size": 9655.62, "slug": "mlb-nym-tor-2026-06-29-total-8pt5", "timestamp": "2026-06-29T20:51:05Z", "token_id": "34932633786808043290439505943478450955343584497385046178727182728744700174933", "transaction_hash": "0xab8020ef02cfe496bb751e8189e7ee6b5d9fc76a9540db4009714712a9d571c3"}, {"condition_id": "0x02a7e87d80dab860a4198c289baec8ee5052fad5b7a5a453c5544b5d8992b64e", "id": "0xc8c956d76c7f5b7ab2c2e11936886c11fd76028a935a54172c595e9cdc375d4c_0x25c9300e90b7d915cb3152147a7bf6b22cb838e9eab9d5033d059e5995b8c1cc", "outcome": "Under", "price": 0.48000000000000004, "proxy_wallet": "0xd81e5bc01e4a98d0af93d82dc2c542a4c0f9e3d0", "side": "BUY", "size": 9945.14, "slug": "mlb-nym-tor-2026-06-29-total-8pt5", "timestamp": "2026-06-29T20:50:59Z", "token_id": "34932633786808043290439505943478450955343584497385046178727182728744700174933", "transaction_hash": "0xc8c956d76c7f5b7ab2c2e11936886c11fd76028a935a54172c595e9cdc375d4c"}], "polled_at": "2026-07-02T01:49:29.557624+00:00"}