{"wallet": "0x204f72f35326db932158cba6adff0b9a1da95e14", "total_trades_90d": 200, "mlb_trades_count": 50, "mlb_condition_ids": ["0x04c736342b639e05fc4eb5512a7b46fec794e79c93a6c06b89e866fe70d15003", "0x24ad679f4c302633137f753ac35c4001422762d1b4d2f3145fec78e58c60d768", "0x293aa18bd50ec49cefc2a185332b7ab53765ac0eee8aed6b755d082a06bd5d49", "0x377555901a0a238eb963a178a1c32e34f5f18349d1bbaa6a38f62e643389a515", "0x503cc08c1fcff5bcca91d07c143e87b3bddd68566445851e93db965e6a1a122d", "0x7064b4bf253860b051624b34e4b58db0a05e63b08248c7f337407ea1ddcf58ae", "0x71e6567ee6be17a25d2da8a71d231b7b4da6fec9685826c04d9818c501045cc8", "0x9393dfde27f17a0ff4feb8e0b2ec374b823be80363257525262154d8b498c50b", "0x9fd1dc171c922192e9f1ca0df99f741f72d6aecacd9f8ad766c146f10158b8b0", "0xcc3f41af4b7ef6c7b399c1666801913d6b129594b261c84c1d1a838f4f76242a", "0xd737f5e4f27ef59cb59d887a12d02c61b32885f158abdbd3f494c0287e69685a", "0xe41d7765de1a7284223b88475ce83a497e758bf6d355e3fd23bceda348812e38", "0xe7a13d32b74371625ee234d216c126b2cf4e1ee757db3dceba6c219e648c5d9c", "0xffcc16466bec36ad1a0d27106b53eaf338b4013c40fa6fdf446819e14318141d"], "mlb_trade_details": [{"condition_id": "0x71e6567ee6be17a25d2da8a71d231b7b4da6fec9685826c04d9818c501045cc8", "id": "0xe7e85bad8d2dd65a237776c9cfe8c4c462ad237fbcb82addc2a7a45e9d4760ea_0xa133eda91de968e1bbebcbacc54fc8308e10c372dd49780ed7ea97b6f02e865f", "outcome": "Under", "price": 0.5900000802553376, "proxy_wallet": "0x204f72f35326db932158cba6adff0b9a1da95e14", "side": "BUY", "size": 5.731706, "slug": "mlb-mia-col-2026-07-01-total-10pt5", "timestamp": "2026-07-02T01:50:02Z", "token_id": "93794054937852727558515174295357156228559577844647752222492644226795452905093", "transaction_hash": "0xe7e85bad8d2dd65a237776c9cfe8c4c462ad237fbcb82addc2a7a45e9d4760ea"}, {"condition_id": "0x24ad679f4c302633137f753ac35c4001422762d1b4d2f3145fec78e58c60d768", "id": "0x5bd950a02dce97973cd386ddbeeaf39adccb69ff813809ea53690c2251478363_0xbc62eda4dfdba58886313e31720c6cebc91f4b1f6a509f34a456950309dcd24d", "outcome": "Over", "price": 0.44, "proxy_wallet": "0x204f72f35326db932158cba6adff0b9a1da95e14", "side": "BUY", "size": 135, "slug": "mlb-sf-ari-2026-07-01-total-9pt5", "timestamp": "2026-07-02T01:49:04Z", "token_id": "101061157067340412123621025027866335682440909370767121886541058161721744238395", "transaction_hash": "0x5bd950a02dce97973cd386ddbeeaf39adccb69ff813809ea53690c2251478363"}, {"condition_id": "0xe7a13d32b74371625ee234d216c126b2cf4e1ee757db3dceba6c219e648c5d9c", "id": "0xd7d8dadfdf4dfbf798d4d2af5df7d78cea85f18d3cb60b2bbc5def928ae90695_0x6ca34085c030c73559ae9ae4e9207c444acaa5ea9931cded2a9f1622f31f1e9c", "outcome": "Under", "price": 0.24, "proxy_wallet": "0x204f72f35326db932158cba6adff0b9a1da95e14", "side": "BUY", "size": 40, "slug": "mlb-min-hou-2026-07-01-total-8pt5", "timestamp": "2026-07-02T01:49:02Z", "token_id": "6248735433946293465137114356523393741520044294851846904122580653534635334014", "transaction_hash": "0xd7d8dadfdf4dfbf798d4d2af5df7d78cea85f18d3cb60b2bbc5def928ae90695"}, {"condition_id": "0x377555901a0a238eb963a178a1c32e34f5f18349d1bbaa6a38f62e643389a515", "id": "0xaa36a208eb5ba6fc5ca9e5f2da7d2bbc8f67276ac56f4ade5ab274f163fd86b5_0x001280758a38b98d57bc59499b1e4080851d8354a498a553f688d6e6288db99d", "outcome": "Arizona Diamondbacks", "price": 0.4, "proxy_wallet": "0x204f72f35326db932158cba6adff0b9a1da95e14", "side": "BUY", "size": 10, "slug": "mlb-sf-ari-2026-07-01-spread-home-1pt5", "timestamp": "2026-07-02T01:48:46Z", "token_id": "15376148788074689561824998756039352851641072070088376901873396323667404286810", "transaction_hash": "0xaa36a208eb5ba6fc5ca9e5f2da7d2bbc8f67276ac56f4ade5ab274f163fd86b5"}, {"condition_id": "0xcc3f41af4b7ef6c7b399c1666801913d6b129594b261c84c1d1a838f4f76242a", "id": "0xb578de2fda211809b918243b0f10f19b5f43378a89bcaf22c46ffd475291600a_0x8397daaf47a12067085c750a31350ea77366bcbd49b2c62ab85c591de606133c", "outcome": "Los Angeles Dodgers", "price": 0.61, "proxy_wallet": "0x204f72f35326db932158cba6adff0b9a1da95e14", "side": "BUY", "size": 25, "slug": "mlb-lad-oak-2026-07-01", "timestamp": "2026-07-02T01:48:38Z", "token_id": "34364758787567076832781692301433474029633009466854379285319411364305881038672", "transaction_hash": "0xb578de2fda211809b918243b0f10f19b5f43378a89bcaf22c46ffd475291600a"}, {"condition_id": "0xcc3f41af4b7ef6c7b399c1666801913d6b129594b261c84c1d1a838f4f76242a", "id": "0xd2d6508643b9e36291cfaa26d3f0ba2e6e9fad7c3cc9a66a13c81668ee9c1509_0x02c1c7a0652aba883edbf429d6f0d724b1691d84ef8ad2d93f23bdc0f3f7bebd", "outcome": "Los Angeles Dodgers", "price": 0.61, "proxy_wallet": "0x204f72f35326db932158cba6adff0b9a1da95e14", "side": "BUY", "size": 10, "slug": "mlb-lad-oak-2026-07-01", "timestamp": "2026-07-02T01:48:37Z", "token_id": "34364758787567076832781692301433474029633009466854379285319411364305881038672", "transaction_hash": "0xd2d6508643b9e36291cfaa26d3f0ba2e6e9fad7c3cc9a66a13c81668ee9c1509"}, {"condition_id": "0xd737f5e4f27ef59cb59d887a12d02c61b32885f158abdbd3f494c0287e69685a", "id": "0x1eb51f2125995c4998c757b102c288e4c41fcd456159379eddb8881e0a0bb873_0x99008e26aae5ed3e6fa2e0717ed69a0fb5a1ffafbef2d43e62a434233b1eff15", "outcome": "Over", "price": 0.43, "proxy_wallet": "0x204f72f35326db932158cba6adff0b9a1da95e14", "side": "BUY", "size": 5, "slug": "mlb-lad-oak-2026-07-01-total-11pt5", "timestamp": "2026-07-02T01:48:37Z", "token_id": "82934152634212683671197565956900031191993889995649504366232737719209225281739", "transaction_hash": "0x1eb51f2125995c4998c757b102c288e4c41fcd456159379eddb8881e0a0bb873"}, {"condition_id": "0xcc3f41af4b7ef6c7b399c1666801913d6b129594b261c84c1d1a838f4f76242a", "id": "0x612d703da72b017c937697beec8c0a794163a6870bd971aed00354f4dd5f8249_0x342c0c38999e51ef6f136762fb410b53b940de8a53327abd9d288df1f8e7efe8", "outcome": "Los Angeles Dodgers", "price": 0.62, "proxy_wallet": "0x204f72f35326db932158cba6adff0b9a1da95e14", "side": "BUY", "size": 10, "slug": "mlb-lad-oak-2026-07-01", "timestamp": "2026-07-02T01:48:37Z", "token_id": "34364758787567076832781692301433474029633009466854379285319411364305881038672", "transaction_hash": "0x612d703da72b017c937697beec8c0a794163a6870bd971aed00354f4dd5f8249"}, {"condition_id": "0x7064b4bf253860b051624b34e4b58db0a05e63b08248c7f337407ea1ddcf58ae", "id": "0x84c3034e518fda31f2f1d175c902ebbbd233ae505ced5f4a113bd4949bd7b94b_0x54019fccf770d4e9fe58fba53deff4f4aee443638e5c5305cab707adf77dc3dc", "outcome": "Under", "price": 0.48000000000000004, "proxy_wallet": "0x204f72f35326db932158cba6adff0b9a1da95e14", "side": "BUY", "size": 131, "slug": "mlb-cin-mil-2026-07-01-total-8pt5", "timestamp": "2026-07-02T01:47:59Z", "token_id": "14034056293003290822412670691955354195438862464347353479978248378415628909497", "transaction_hash": "0x84c3034e518fda31f2f1d175c902ebbbd233ae505ced5f4a113bd4949bd7b94b"}, {"condition_id": "0xffcc16466bec36ad1a0d27106b53eaf338b4013c40fa6fdf446819e14318141d", "id": "0xf71ec5429229df6e1ae67412665d41c7afc9d0e2ce28c2c57414d020d0351849_0x9b69a1d9304d9d56d6f97c6b29f3511f8dd7cb23d757ab6564ee63333ae7f344", "outcome": "Milwaukee Brewers", "price": 0.49, "proxy_wallet": "0x204f72f35326db932158cba6adff0b9a1da95e14", "side": "BUY", "size": 526, "slug": "mlb-cin-mil-2026-07-01", "timestamp": "2026-07-02T01:47:58Z", "token_id": "19711007897046031044579594275312405944771254350980802153302868685653200183646", "transaction_hash": "0xf71ec5429229df6e1ae67412665d41c7afc9d0e2ce28c2c57414d020d0351849"}, {"condition_id": "0x377555901a0a238eb963a178a1c32e34f5f18349d1bbaa6a38f62e643389a515", "id": "0x34392948b95654e99db27ce3d9a818f5e8f6ffa8c9e28b7abdb7fe3a76b26432_0xf2bb420cc41d2159994fb47fdf9309b5bbefa16a048e24db5993f32abc8e950b", "outcome": "Arizona Diamondbacks", "price": 0.4, "proxy_wallet": "0x204f72f35326db932158cba6adff0b9a1da95e14", "side": "BUY", "size": 10, "slug": "mlb-sf-ari-2026-07-01-spread-home-1pt5", "timestamp": "2026-07-02T01:47:55Z", "token_id": "15376148788074689561824998756039352851641072070088376901873396323667404286810", "transaction_hash": "0x34392948b95654e99db27ce3d9a818f5e8f6ffa8c9e28b7abdb7fe3a76b26432"}, {"condition_id": "0x503cc08c1fcff5bcca91d07c143e87b3bddd68566445851e93db965e6a1a122d", "id": "0xece912a63f2940902d2ee68601c45a1b3fd7b2f6a2ae94c7ab1c2e55f738036e_0xd4253cde8f2e7a5b18e4f19d93ab74e0cfeb1cf82393c349c4751fb8a54836cb", "outcome": "Miami Marlins", "price": 0.67, "proxy_wallet": "0x204f72f35326db932158cba6adff0b9a1da95e14", "side": "BUY", "size": 150, "slug": "mlb-mia-col-2026-07-01", "timestamp": "2026-07-02T01:47:52Z", "token_id": "70456539982031185821545367467561496403366411785803404614583891714944753086599", "transaction_hash": "0xece912a63f2940902d2ee68601c45a1b3fd7b2f6a2ae94c7ab1c2e55f738036e"}, {"condition_id": "0x377555901a0a238eb963a178a1c32e34f5f18349d1bbaa6a38f62e643389a515", "id": "0x941393dd424cae117828a4af6e19a9ee240cb68de1b078ca0f810de92c850418_0xfc510df4aaa63321166660db0fed6f9861509052d74886ef4c7d19010c9b2809", "outcome": "San Francisco Giants", "price": 0.5900000000000001, "proxy_wallet": "0x204f72f35326db932158cba6adff0b9a1da95e14", "side": "BUY", "size": 10, "slug": "mlb-sf-ari-2026-07-01-spread-home-1pt5", "timestamp": "2026-07-02T01:47:34Z", "token_id": "83137373487286871299719486431013129938761915715193695047742222591956520331577", "transaction_hash": "0x941393dd424cae117828a4af6e19a9ee240cb68de1b078ca0f810de92c850418"}, {"condition_id": "0x503cc08c1fcff5bcca91d07c143e87b3bddd68566445851e93db965e6a1a122d", "id": "0x4379f9af33eabcc40b48213a66689ea8ef294afb626fef3a801d231a396e5a78_0x6ef57958831f7b89ce3598182a7cefebef50bad158bfbbd76a7cea3b319c607f", "outcome": "Colorado Rockies", "price": 0.34, "proxy_wallet": "0x204f72f35326db932158cba6adff0b9a1da95e14", "side": "BUY", "size": 644, "slug": "mlb-mia-col-2026-07-01", "timestamp": "2026-07-02T01:47:34Z", "token_id": "77275020519117476392252162482053003018718756533700410205853872084141713559998", "transaction_hash": "0x4379f9af33eabcc40b48213a66689ea8ef294afb626fef3a801d231a396e5a78"}, {"condition_id": "0xcc3f41af4b7ef6c7b399c1666801913d6b129594b261c84c1d1a838f4f76242a", "id": "0x83a4e94c7bf11543faf0a0d8636868044aadaadaafd38b72d3ab8be035c1939d_0x744de344c4be80b5b8e0ab5e3aa78971c880766f1f8d20017dbbfecdf99ebbc9", "outcome": "Athletics", "price": 0.35, "proxy_wallet": "0x204f72f35326db932158cba6adff0b9a1da95e14", "side": "BUY", "size": 10, "slug": "mlb-lad-oak-2026-07-01", "timestamp": "2026-07-02T01:47:34Z", "token_id": "63301511544385839492348152876995091313680901609143343836346414761303245710252", "transaction_hash": "0x83a4e94c7bf11543faf0a0d8636868044aadaadaafd38b72d3ab8be035c1939d"}, {"condition_id": "0x9fd1dc171c922192e9f1ca0df99f741f72d6aecacd9f8ad766c146f10158b8b0", "id": "0xd7083ab019062a5ad0413478ae4ed6eaa853f684186a2334f8f37e8fc60d7a0e_0x8eaef9aff8f8bb66e1408d4566f587bb7abe53bbedf4980f56bbd3750360dd26", "outcome": "Colorado Rockies", "price": 0.5, "proxy_wallet": "0x204f72f35326db932158cba6adff0b9a1da95e14", "side": "BUY", "size": 5, "slug": "mlb-mia-col-2026-07-01-spread-away-1pt5", "timestamp": "2026-07-02T01:47:34Z", "token_id": "63906262158994574162168274401573059149015492076928440165017217317797378305468", "transaction_hash": "0xd7083ab019062a5ad0413478ae4ed6eaa853f684186a2334f8f37e8fc60d7a0e"}, {"condition_id": "0x503cc08c1fcff5bcca91d07c143e87b3bddd68566445851e93db965e6a1a122d", "id": "0x5e1a7cebf46a5f901d7034171a564d1c37c4c12d94568288f98d03bf4bdfdb4d_0x3c0f4880bc5bdc0593ae817dc2fca28c317df9b584e01b460fbea4ffe47dfef8", "outcome": "Colorado Rockies", "price": 0.34, "proxy_wallet": "0x204f72f35326db932158cba6adff0b9a1da95e14", "side": "BUY", "size": 103, "slug": "mlb-mia-col-2026-07-01", "timestamp": "2026-07-02T01:47:29Z", "token_id": "77275020519117476392252162482053003018718756533700410205853872084141713559998", "transaction_hash": "0x5e1a7cebf46a5f901d7034171a564d1c37c4c12d94568288f98d03bf4bdfdb4d"}, {"condition_id": "0x9fd1dc171c922192e9f1ca0df99f741f72d6aecacd9f8ad766c146f10158b8b0", "id": "0x6849c135833d2f74934e8c7501393a74fcedddefdbb5521b069e62b1bcf621cf_0xa3af10f695e2f19f0561cf3e97f5c94f489df669b942e44fa9f0f1fe1a6a1286", "outcome": "Colorado Rockies", "price": 0.49000000000000005, "proxy_wallet": "0x204f72f35326db932158cba6adff0b9a1da95e14", "side": "BUY", "size": 5, "slug": "mlb-mia-col-2026-07-01-spread-away-1pt5", "timestamp": "2026-07-02T01:47:08Z", "token_id": "63906262158994574162168274401573059149015492076928440165017217317797378305468", "transaction_hash": "0x6849c135833d2f74934e8c7501393a74fcedddefdbb5521b069e62b1bcf621cf"}, {"condition_id": "0x293aa18bd50ec49cefc2a185332b7ab53765ac0eee8aed6b755d082a06bd5d49", "id": "0xf2e7dc43067f267ad503946989014f39532789320eb7b23c3d0a3a2ca46eeb2a_0x59a6977b287f5d7d32ca70a3c3bfb198a3d3148149dbf4898d0dcf0dcad310ef", "outcome": "San Francisco Giants", "price": 0.41000000000000003, "proxy_wallet": "0x204f72f35326db932158cba6adff0b9a1da95e14", "side": "BUY", "size": 324, "slug": "mlb-sf-ari-2026-07-01", "timestamp": "2026-07-02T01:46:52Z", "token_id": "39249821927387075636556954380432460999615194602535112669416536458946634880636", "transaction_hash": "0xf2e7dc43067f267ad503946989014f39532789320eb7b23c3d0a3a2ca46eeb2a"}, {"condition_id": "0x293aa18bd50ec49cefc2a185332b7ab53765ac0eee8aed6b755d082a06bd5d49", "id": "0x58481a7ea204a7bc11107d02d71e780116fbb7b99f6c09b738d7638bdce8f7d2_0x146167ac54c43487e344493c82028ecd0253adc75adcbd4debfa152a4f311d8e", "outcome": "San Francisco Giants", "price": 0.41, "proxy_wallet": "0x204f72f35326db932158cba6adff0b9a1da95e14", "side": "BUY", "size": 86, "slug": "mlb-sf-ari-2026-07-01", "timestamp": "2026-07-02T01:46:50Z", "token_id": "39249821927387075636556954380432460999615194602535112669416536458946634880636", "transaction_hash": "0x58481a7ea204a7bc11107d02d71e780116fbb7b99f6c09b738d7638bdce8f7d2"}, {"condition_id": "0xe7a13d32b74371625ee234d216c126b2cf4e1ee757db3dceba6c219e648c5d9c", "id": "0x472d253a7c248749fcee6992d3b4901cae2a58f579b2295ec821854dfdd126cf_0xadba340e8c755392192559d1a3f06c4615386af395765a9335654b91e92e4db7", "outcome": "Under", "price": 0.22999999999999998, "proxy_wallet": "0x204f72f35326db932158cba6adff0b9a1da95e14", "side": "BUY", "size": 6, "slug": "mlb-min-hou-2026-07-01-total-8pt5", "timestamp": "2026-07-02T01:46:47Z", "token_id": "6248735433946293465137114356523393741520044294851846904122580653534635334014", "transaction_hash": "0x472d253a7c248749fcee6992d3b4901cae2a58f579b2295ec821854dfdd126cf"}, {"condition_id": "0x377555901a0a238eb963a178a1c32e34f5f18349d1bbaa6a38f62e643389a515", "id": "0x01dbfd66568d6a1f6c2497164d0ae522a5a8c737a1e2475c1d6a1a1d392c616c_0x6047f662a69447ba42e40a1147dd9d2aef07a6fb9f632de4550bd148fcad62db", "outcome": "San Francisco Giants", "price": 0.58, "proxy_wallet": "0x204f72f35326db932158cba6adff0b9a1da95e14", "side": "BUY", "size": 10, "slug": "mlb-sf-ari-2026-07-01-spread-home-1pt5", "timestamp": "2026-07-02T01:46:47Z", "token_id": "83137373487286871299719486431013129938761915715193695047742222591956520331577", "transaction_hash": "0x01dbfd66568d6a1f6c2497164d0ae522a5a8c737a1e2475c1d6a1a1d392c616c"}, {"condition_id": "0x293aa18bd50ec49cefc2a185332b7ab53765ac0eee8aed6b755d082a06bd5d49", "id": "0x4795cb8997c433f62c5152f1f1f39d07e9a0d6605b803afa0145b0bf510c42e8_0x2cb409b265452993c7b10d8f3459ce2ffc80ad45960f16f72ca73496554f6a14", "outcome": "San Francisco Giants", "price": 0.41000000000000003, "proxy_wallet": "0x204f72f35326db932158cba6adff0b9a1da95e14", "side": "BUY", "size": 273, "slug": "mlb-sf-ari-2026-07-01", "timestamp": "2026-07-02T01:46:47Z", "token_id": "39249821927387075636556954380432460999615194602535112669416536458946634880636", "transaction_hash": "0x4795cb8997c433f62c5152f1f1f39d07e9a0d6605b803afa0145b0bf510c42e8"}, {"condition_id": "0x24ad679f4c302633137f753ac35c4001422762d1b4d2f3145fec78e58c60d768", "id": "0x28bfd7933b5036b894ba965643ee7425818b9b95d9303617e96e5d3012f0fcd7_0x9dc7e66280c5bc950bcc3941a3f2691c8097e4cfd96f240605819349691977ba", "outcome": "Over", "price": 0.43, "proxy_wallet": "0x204f72f35326db932158cba6adff0b9a1da95e14", "side": "BUY", "size": 34, "slug": "mlb-sf-ari-2026-07-01-total-9pt5", "timestamp": "2026-07-02T01:44:16Z", "token_id": "101061157067340412123621025027866335682440909370767121886541058161721744238395", "transaction_hash": "0x28bfd7933b5036b894ba965643ee7425818b9b95d9303617e96e5d3012f0fcd7"}, {"condition_id": "0x293aa18bd50ec49cefc2a185332b7ab53765ac0eee8aed6b755d082a06bd5d49", "id": "0x154842bf11f0c5af40d1dde09e236bd535476546236a5006b345a9a88dbb15a6_0xbad75aa58d7caeecdfbeccda2759875ffc3d165bda2f702a548b8be539ad8cbf", "outcome": "Arizona Diamondbacks", "price": 0.58, "proxy_wallet": "0x204f72f35326db932158cba6adff0b9a1da95e14", "side": "BUY", "size": 23, "slug": "mlb-sf-ari-2026-07-01", "timestamp": "2026-07-02T01:44:16Z", "token_id": "1764912591675393443095347989967658067337153959776490141908931674394171045089", "transaction_hash": "0x154842bf11f0c5af40d1dde09e236bd535476546236a5006b345a9a88dbb15a6"}, {"condition_id": "0x293aa18bd50ec49cefc2a185332b7ab53765ac0eee8aed6b755d082a06bd5d49", "id": "0xdb4a0f65b90f2655e7a0ae7e2620a2e38298c1bd95a7a6999da62f392b2b7c82_0xa601e90ca42c82a4d10659f5e69ca9d43c4f4cf2388b952d7ee0c4b4f03ade92", "outcome": "Arizona Diamondbacks", "price": 0.58, "proxy_wallet": "0x204f72f35326db932158cba6adff0b9a1da95e14", "side": "BUY", "size": 215, "slug": "mlb-sf-ari-2026-07-01", "timestamp": "2026-07-02T01:44:14Z", "token_id": "1764912591675393443095347989967658067337153959776490141908931674394171045089", "transaction_hash": "0xdb4a0f65b90f2655e7a0ae7e2620a2e38298c1bd95a7a6999da62f392b2b7c82"}, {"condition_id": "0x377555901a0a238eb963a178a1c32e34f5f18349d1bbaa6a38f62e643389a515", "id": "0x7038af97e9a34cb344e6296ae1d5ba4d4275513b66a84c7c5be7735d3352d39a_0x5e70fbefce731474614923028a17334e814533b07e332f6f476e3ebe505bc38e", "outcome": "Arizona Diamondbacks", "price": 0.38999999999999996, "proxy_wallet": "0x204f72f35326db932158cba6adff0b9a1da95e14", "side": "BUY", "size": 108, "slug": "mlb-sf-ari-2026-07-01-spread-home-1pt5", "timestamp": "2026-07-02T01:43:47Z", "token_id": "15376148788074689561824998756039352851641072070088376901873396323667404286810", "transaction_hash": "0x7038af97e9a34cb344e6296ae1d5ba4d4275513b66a84c7c5be7735d3352d39a"}, {"condition_id": "0xcc3f41af4b7ef6c7b399c1666801913d6b129594b261c84c1d1a838f4f76242a", "id": "0x8b412bd13dfc33a1f579898c88a9464bcd4fbb7e70ecbce4298a855c4786e284_0x36039aa31cb835590ae4fbce7c2d3ee25d39b9c810eb38154836d7591277f019", "outcome": "Los Angeles Dodgers", "price": 0.59, "proxy_wallet": "0x204f72f35326db932158cba6adff0b9a1da95e14", "side": "BUY", "size": 16.64, "slug": "mlb-lad-oak-2026-07-01", "timestamp": "2026-07-02T01:43:29Z", "token_id": "34364758787567076832781692301433474029633009466854379285319411364305881038672", "transaction_hash": "0x8b412bd13dfc33a1f579898c88a9464bcd4fbb7e70ecbce4298a855c4786e284"}, {"condition_id": "0xcc3f41af4b7ef6c7b399c1666801913d6b129594b261c84c1d1a838f4f76242a", "id": "0x013188381cbffa0eb34ff915b82b3c7ad91be6830f47022c0a6e2ab8ae380077_0x4cb59d85c994dcb31a565d617ffdd1d01b128b079b2ace330a4dc7c53fd758ef", "outcome": "Los Angeles Dodgers", "price": 0.6, "proxy_wallet": "0x204f72f35326db932158cba6adff0b9a1da95e14", "side": "BUY", "size": 11, "slug": "mlb-lad-oak-2026-07-01", "timestamp": "2026-07-02T01:43:29Z", "token_id": "34364758787567076832781692301433474029633009466854379285319411364305881038672", "transaction_hash": "0x013188381cbffa0eb34ff915b82b3c7ad91be6830f47022c0a6e2ab8ae380077"}, {"condition_id": "0xcc3f41af4b7ef6c7b399c1666801913d6b129594b261c84c1d1a838f4f76242a", "id": "0x37838b96556af7c0b68144dacecb121a0e33bef345824601555953971c4f33db_0x4b8dcefb3e127386cf9a827bc5978a606c40e02809639cc5e7959f7e16fc3482", "outcome": "Los Angeles Dodgers", "price": 0.59, "proxy_wallet": "0x204f72f35326db932158cba6adff0b9a1da95e14", "side": "BUY", "size": 112, "slug": "mlb-lad-oak-2026-07-01", "timestamp": "2026-07-02T01:43:29Z", "token_id": "34364758787567076832781692301433474029633009466854379285319411364305881038672", "transaction_hash": "0x37838b96556af7c0b68144dacecb121a0e33bef345824601555953971c4f33db"}, {"condition_id": "0x71e6567ee6be17a25d2da8a71d231b7b4da6fec9685826c04d9818c501045cc8", "id": "0xeb74f1276b69150f5e1a46d12fc385b9783be9dc413be235742e59e69d8c4305_0xb80238aa6096b8683d39d2042f0708969f7ce61594650741c165ab38d80af3f5", "outcome": "Under", "price": 0.61, "proxy_wallet": "0x204f72f35326db932158cba6adff0b9a1da95e14", "side": "BUY", "size": 5, "slug": "mlb-mia-col-2026-07-01-total-10pt5", "timestamp": "2026-07-02T01:43:23Z", "token_id": "93794054937852727558515174295357156228559577844647752222492644226795452905093", "transaction_hash": "0xeb74f1276b69150f5e1a46d12fc385b9783be9dc413be235742e59e69d8c4305"}, {"condition_id": "0x9fd1dc171c922192e9f1ca0df99f741f72d6aecacd9f8ad766c146f10158b8b0", "id": "0x2a7a677c12730d575a7746556e37486ccec8874096aa4cfc1cb5810afbc7d524_0xba818283c4a194d39858c8d08d63f49af0b5536447cf18b0ab04d4931cfeb25f", "outcome": "Miami Marlins", "price": 0.47000000000000003, "proxy_wallet": "0x204f72f35326db932158cba6adff0b9a1da95e14", "side": "BUY", "size": 10, "slug": "mlb-mia-col-2026-07-01-spread-away-1pt5", "timestamp": "2026-07-02T01:43:23Z", "token_id": "1030326759213566879833789443578230929908870427788513665960650712694228479769", "transaction_hash": "0x2a7a677c12730d575a7746556e37486ccec8874096aa4cfc1cb5810afbc7d524"}, {"condition_id": "0x24ad679f4c302633137f753ac35c4001422762d1b4d2f3145fec78e58c60d768", "id": "0x60a3e4e2e4ad73c6f4222c71a42402061791bdc9f48891aa28b63861c09ca886_0xeec24e6eda636200e208b6cc33be46e43c4dc2bcf456a42319c42980e3f26a7e", "outcome": "Over", "price": 0.45999999999999996, "proxy_wallet": "0x204f72f35326db932158cba6adff0b9a1da95e14", "side": "BUY", "size": 9, "slug": "mlb-sf-ari-2026-07-01-total-9pt5", "timestamp": "2026-07-02T01:43:23Z", "token_id": "101061157067340412123621025027866335682440909370767121886541058161721744238395", "transaction_hash": "0x60a3e4e2e4ad73c6f4222c71a42402061791bdc9f48891aa28b63861c09ca886"}, {"condition_id": "0x377555901a0a238eb963a178a1c32e34f5f18349d1bbaa6a38f62e643389a515", "id": "0x885e955e627c9cc930419cfe346f75114ec11161a2d0e4d29ec3784a245d836f_0x5cc8c948947cc6e07630b7309b7d92a6f88dcd17b72da026aa98a8a952087fb2", "outcome": "Arizona Diamondbacks", "price": 0.37, "proxy_wallet": "0x204f72f35326db932158cba6adff0b9a1da95e14", "side": "BUY", "size": 10, "slug": "mlb-sf-ari-2026-07-01-spread-home-1pt5", "timestamp": "2026-07-02T01:43:23Z", "token_id": "15376148788074689561824998756039352851641072070088376901873396323667404286810", "transaction_hash": "0x885e955e627c9cc930419cfe346f75114ec11161a2d0e4d29ec3784a245d836f"}, {"condition_id": "0x24ad679f4c302633137f753ac35c4001422762d1b4d2f3145fec78e58c60d768", "id": "0x8b29ee0f7ad8479ca143cd1f309840b767d2d598fcc997ea779d7f6033d13f30_0xbed7e70bc41a050ab07228532483ee16b4f7489cabbd316663254f67eb944ec1", "outcome": "Over", "price": 0.45, "proxy_wallet": "0x204f72f35326db932158cba6adff0b9a1da95e14", "side": "BUY", "size": 10, "slug": "mlb-sf-ari-2026-07-01-total-9pt5", "timestamp": "2026-07-02T01:43:22Z", "token_id": "101061157067340412123621025027866335682440909370767121886541058161721744238395", "transaction_hash": "0x8b29ee0f7ad8479ca143cd1f309840b767d2d598fcc997ea779d7f6033d13f30"}, {"condition_id": "0xe41d7765de1a7284223b88475ce83a497e758bf6d355e3fd23bceda348812e38", "id": "0x87f56ab802664ac92ed36f24145361efd111cdda24c24c32040d95685456ef78_0xddf2bb44553d4b019bb909e37c93beb663a73c2c084f7aa1b5f465aa829abe2c", "outcome": "Over", "price": 0.2800000345600122, "proxy_wallet": "0x204f72f35326db932158cba6adff0b9a1da95e14", "side": "BUY", "size": 6.944442, "slug": "mlb-mia-col-2026-07-01-total-11pt5", "timestamp": "2026-07-02T01:43:01Z", "token_id": "89453075081014189886159827084862252732405426855168070193736365040916341405855", "transaction_hash": "0x87f56ab802664ac92ed36f24145361efd111cdda24c24c32040d95685456ef78"}, {"condition_id": "0xe41d7765de1a7284223b88475ce83a497e758bf6d355e3fd23bceda348812e38", "id": "0x1a53df7edc98935045892f6bb0041cc7fab227b444bc00955422434ae07b8ff6_0xc302034f481d4ac87368d77971ee8281a46e354d80942a6ad4367681b88fe146", "outcome": "Under", "price": 0.69, "proxy_wallet": "0x204f72f35326db932158cba6adff0b9a1da95e14", "side": "BUY", "size": 0.32, "slug": "mlb-mia-col-2026-07-01-total-11pt5", "timestamp": "2026-07-02T01:42:56Z", "token_id": "6515714086678686965167013485177068666040412925367310925077303305883656898212", "transaction_hash": "0x1a53df7edc98935045892f6bb0041cc7fab227b444bc00955422434ae07b8ff6"}, {"condition_id": "0x71e6567ee6be17a25d2da8a71d231b7b4da6fec9685826c04d9818c501045cc8", "id": "0x52271ab8f0c3cd2eb99c444a8d8c7dd39a17a48a4926e8eeaafc31c6faa81ba2_0xbb6a8388579e6b80fe51677ba1d31e54439b3b9302657f2cf3eeb2d9f0f180c3", "outcome": "Under", "price": 0.6, "proxy_wallet": "0x204f72f35326db932158cba6adff0b9a1da95e14", "side": "BUY", "size": 5, "slug": "mlb-mia-col-2026-07-01-total-10pt5", "timestamp": "2026-07-02T01:42:49Z", "token_id": "93794054937852727558515174295357156228559577844647752222492644226795452905093", "transaction_hash": "0x52271ab8f0c3cd2eb99c444a8d8c7dd39a17a48a4926e8eeaafc31c6faa81ba2"}, {"condition_id": "0xe7a13d32b74371625ee234d216c126b2cf4e1ee757db3dceba6c219e648c5d9c", "id": "0x60b26ffc3261ae8ce9dd66a8f45696e3801f74f555a50f0e8140dc2334b3bc33_0x753dd30c5e76337cc92213045538520e7e623359255bfd5e4d3107584157e52b", "outcome": "Under", "price": 0.15999999999999998, "proxy_wallet": "0x204f72f35326db932158cba6adff0b9a1da95e14", "side": "BUY", "size": 6.88095, "slug": "mlb-min-hou-2026-07-01-total-8pt5", "timestamp": "2026-07-02T01:30:50Z", "token_id": "6248735433946293465137114356523393741520044294851846904122580653534635334014", "transaction_hash": "0x60b26ffc3261ae8ce9dd66a8f45696e3801f74f555a50f0e8140dc2334b3bc33"}, {"condition_id": "0x9fd1dc171c922192e9f1ca0df99f741f72d6aecacd9f8ad766c146f10158b8b0", "id": "0x24f7ab1d2c9184f69eb5754c3dcf265f7d87ba6a985fd6984656810869e718d1_0x55b6ccddd3576b3e5f14c767855922f1b7a61be74cc1bc9c933a7a6e72d49ce0", "outcome": "Colorado Rockies", "price": 0.5599999999999999, "proxy_wallet": "0x204f72f35326db932158cba6adff0b9a1da95e14", "side": "BUY", "size": 21, "slug": "mlb-mia-col-2026-07-01-spread-away-1pt5", "timestamp": "2026-07-02T01:30:38Z", "token_id": "63906262158994574162168274401573059149015492076928440165017217317797378305468", "transaction_hash": "0x24f7ab1d2c9184f69eb5754c3dcf265f7d87ba6a985fd6984656810869e718d1"}, {"condition_id": "0xe7a13d32b74371625ee234d216c126b2cf4e1ee757db3dceba6c219e648c5d9c", "id": "0x5b75bd45dd3c18a2db3348f300afc42e8342e231fbd4f9dc50b3a668541f9e4a_0x486d0aa398699f2b0f87e219c136e10be05a7dd566083ca267b5ac032016383c", "outcome": "Over", "price": 0.84, "proxy_wallet": "0x204f72f35326db932158cba6adff0b9a1da95e14", "side": "BUY", "size": 500, "slug": "mlb-min-hou-2026-07-01-total-8pt5", "timestamp": "2026-07-02T01:30:25Z", "token_id": "4995849050026851142501736726646311129088147967198844312157545729589801634648", "transaction_hash": "0x5b75bd45dd3c18a2db3348f300afc42e8342e231fbd4f9dc50b3a668541f9e4a"}, {"condition_id": "0xe41d7765de1a7284223b88475ce83a497e758bf6d355e3fd23bceda348812e38", "id": "0xae36c58185d052d754bc0735e90a6fc5e8de6361527d92c92238b9f48b6b4435_0xcf8af0578d969ba5aec8bb6956ede00bc2240245d87bac4d9663d41847ce2127", "outcome": "Under", "price": 0.72, "proxy_wallet": "0x204f72f35326db932158cba6adff0b9a1da95e14", "side": "BUY", "size": 197.7, "slug": "mlb-mia-col-2026-07-01-total-11pt5", "timestamp": "2026-07-02T01:30:17Z", "token_id": "6515714086678686965167013485177068666040412925367310925077303305883656898212", "transaction_hash": "0xae36c58185d052d754bc0735e90a6fc5e8de6361527d92c92238b9f48b6b4435"}, {"condition_id": "0x503cc08c1fcff5bcca91d07c143e87b3bddd68566445851e93db965e6a1a122d", "id": "0x3c7760760219cb3deb0277b79de9af76fe983525afec54c848060f4b9c9b8dcf_0x609d3eb1485dcd1d5268c26ad5c781dc38ea66477bcb86db485a5416d382801b", "outcome": "Colorado Rockies", "price": 0.49, "proxy_wallet": "0x204f72f35326db932158cba6adff0b9a1da95e14", "side": "BUY", "size": 50, "slug": "mlb-mia-col-2026-07-01", "timestamp": "2026-07-02T01:30:17Z", "token_id": "77275020519117476392252162482053003018718756533700410205853872084141713559998", "transaction_hash": "0x3c7760760219cb3deb0277b79de9af76fe983525afec54c848060f4b9c9b8dcf"}, {"condition_id": "0x503cc08c1fcff5bcca91d07c143e87b3bddd68566445851e93db965e6a1a122d", "id": "0xd14cefd3dbf431ae484deee2250b574a252494a10b3027531388ba8cc6cadc39_0x609d3eb1485dcd1d5268c26ad5c781dc38ea66477bcb86db485a5416d382801b", "outcome": "Colorado Rockies", "price": 0.49, "proxy_wallet": "0x204f72f35326db932158cba6adff0b9a1da95e14", "side": "BUY", "size": 245.2, "slug": "mlb-mia-col-2026-07-01", "timestamp": "2026-07-02T01:30:17Z", "token_id": "77275020519117476392252162482053003018718756533700410205853872084141713559998", "transaction_hash": "0xd14cefd3dbf431ae484deee2250b574a252494a10b3027531388ba8cc6cadc39"}, {"condition_id": "0x9fd1dc171c922192e9f1ca0df99f741f72d6aecacd9f8ad766c146f10158b8b0", "id": "0x216d0f5ca938c10e6f1aa75dfc9818b7922e6f2eac263d51c38b3dab25915cc7_0x532c3681b9c037f28d7709572622e11533c6f07a674dcf8b99155fdf254ec8f4", "outcome": "Colorado Rockies", "price": 0.59, "proxy_wallet": "0x204f72f35326db932158cba6adff0b9a1da95e14", "side": "BUY", "size": 60, "slug": "mlb-mia-col-2026-07-01-spread-away-1pt5", "timestamp": "2026-07-02T01:30:17Z", "token_id": "63906262158994574162168274401573059149015492076928440165017217317797378305468", "transaction_hash": "0x216d0f5ca938c10e6f1aa75dfc9818b7922e6f2eac263d51c38b3dab25915cc7"}, {"condition_id": "0x9393dfde27f17a0ff4feb8e0b2ec374b823be80363257525262154d8b498c50b", "id": "0xf654f99b7261de16ebadc26b905a6a8cf6a034d455bffb34e8c6943b30965aeb_0xe59ff46f9e7f0b8d24d169af67e5cfc5ba291b584bfca3cfff2c042025813eb9", "outcome": "Milwaukee Brewers", "price": 0.36000000000000004, "proxy_wallet": "0x204f72f35326db932158cba6adff0b9a1da95e14", "side": "BUY", "size": 9, "slug": "mlb-cin-mil-2026-07-01-spread-home-1pt5", "timestamp": "2026-07-02T01:29:17Z", "token_id": "52578695002039254365236326857022138108525431056211025233321408351855840161287", "transaction_hash": "0xf654f99b7261de16ebadc26b905a6a8cf6a034d455bffb34e8c6943b30965aeb"}, {"condition_id": "0x04c736342b639e05fc4eb5512a7b46fec794e79c93a6c06b89e866fe70d15003", "id": "0xfc991ef025449f8f95bb3466e53d2078d106998921fb81f143a193c227e05f42_0x5d1dc451061d02f6833d826d001a6175d79bc0da2adfaa83578b813e7ccd02e6", "outcome": "Philadelphia Phillies", "price": 0.8989999999999999, "proxy_wallet": "0x204f72f35326db932158cba6adff0b9a1da95e14", "side": "BUY", "size": 150, "slug": "mlb-pit-phi-2026-07-01", "timestamp": "2026-07-02T01:29:17Z", "token_id": "43437286804327642558294165368901345641980025690619789279608914488234283546155", "transaction_hash": "0xfc991ef025449f8f95bb3466e53d2078d106998921fb81f143a193c227e05f42"}, {"condition_id": "0x9393dfde27f17a0ff4feb8e0b2ec374b823be80363257525262154d8b498c50b", "id": "0x5b171a20c3b350327874ed2fc2eff2e26494dd0aa1639f2dcb287cbbd3c3fbd4_0x8f1b610baca25653070ac1b6d5a4f047de1a966f33ca8e241f387fef051955f4", "outcome": "Milwaukee Brewers", "price": 0.35, "proxy_wallet": "0x204f72f35326db932158cba6adff0b9a1da95e14", "side": "BUY", "size": 10, "slug": "mlb-cin-mil-2026-07-01-spread-home-1pt5", "timestamp": "2026-07-02T01:29:16Z", "token_id": "52578695002039254365236326857022138108525431056211025233321408351855840161287", "transaction_hash": "0x5b171a20c3b350327874ed2fc2eff2e26494dd0aa1639f2dcb287cbbd3c3fbd4"}, {"condition_id": "0x503cc08c1fcff5bcca91d07c143e87b3bddd68566445851e93db965e6a1a122d", "id": "0xfd0432f6fcea2540164a9d94ca5c09e9dc168144a27b3037568b2aaaac202948_0xec40d332af6866c80d608ed2e617b507c404ad0cdd90ad0a2ee85543a250e5a4", "outcome": "Miami Marlins", "price": 0.44, "proxy_wallet": "0x204f72f35326db932158cba6adff0b9a1da95e14", "side": "BUY", "size": 12, "slug": "mlb-mia-col-2026-07-01", "timestamp": "2026-07-02T01:29:07Z", "token_id": "70456539982031185821545367467561496403366411785803404614583891714944753086599", "transaction_hash": "0xfd0432f6fcea2540164a9d94ca5c09e9dc168144a27b3037568b2aaaac202948"}, {"condition_id": "0x7064b4bf253860b051624b34e4b58db0a05e63b08248c7f337407ea1ddcf58ae", "id": "0x6c9936c25583b22d190b03fed5b83c05cb0083c15252bfe48b01260a3a1cb433_0x437fa284a6c33cb2b4ebd2a844a5b0c8d1b7bb98f245f33b286b3215ea5981a7", "outcome": "Over", "price": 0.5190019112249057, "proxy_wallet": "0x204f72f35326db932158cba6adff0b9a1da95e14", "side": "BUY", "size": 10.019229, "slug": "mlb-cin-mil-2026-07-01-total-8pt5", "timestamp": "2026-07-02T01:28:55Z", "token_id": "64660158601874874021371603805733130336920359332833679116849517591518391938501", "transaction_hash": "0x6c9936c25583b22d190b03fed5b83c05cb0083c15252bfe48b01260a3a1cb433"}], "polled_at": "2026-07-02T01:50:19.439466+00:00"}