{"wallet": "0x5e9458202b5817a72cf81105ec8a30e6f3705ba1", "total_trades_90d": 200, "mlb_trades_count": 50, "mlb_condition_ids": ["0x036b0c654502bb269410e8353735575a9203fc24acb8a321b6945c9d7ef7f25f", "0x503cc08c1fcff5bcca91d07c143e87b3bddd68566445851e93db965e6a1a122d", "0x9f1fc9fa4e0af34538485d07cd1ca93fd0d7a45989346ed94be84dada491d2a6", "0xd737f5e4f27ef59cb59d887a12d02c61b32885f158abdbd3f494c0287e69685a"], "mlb_trade_details": [{"condition_id": "0x9f1fc9fa4e0af34538485d07cd1ca93fd0d7a45989346ed94be84dada491d2a6", "id": "0x26081e611f362f197b96528544e7c2f14179627269b56458608c28162b2c943c_0x3f14e4fc89e35e0f6807c074c7a504b0cee6d1cb4bfe0af5f19f053dc24fc57d", "outcome": "Under", "price": 0.46, "proxy_wallet": "0x5e9458202b5817a72cf81105ec8a30e6f3705ba1", "side": "BUY", "size": 750.59, "slug": "mlb-lad-oak-2026-07-01-total-10pt5", "timestamp": "2026-07-02T00:54:31Z", "token_id": "68403683078011534181983449453403670223956468783815711662812446853492543129439", "transaction_hash": "0x26081e611f362f197b96528544e7c2f14179627269b56458608c28162b2c943c"}, {"condition_id": "0x9f1fc9fa4e0af34538485d07cd1ca93fd0d7a45989346ed94be84dada491d2a6", "id": "0x15286e71b35ddca7399181323f6b3d47862dcc32c99025fc9174b750a7569d39_0x3f14e4fc89e35e0f6807c074c7a504b0cee6d1cb4bfe0af5f19f053dc24fc57d", "outcome": "Under", "price": 0.45999999999999996, "proxy_wallet": "0x5e9458202b5817a72cf81105ec8a30e6f3705ba1", "side": "BUY", "size": 61.45, "slug": "mlb-lad-oak-2026-07-01-total-10pt5", "timestamp": "2026-07-02T00:51:55Z", "token_id": "68403683078011534181983449453403670223956468783815711662812446853492543129439", "transaction_hash": "0x15286e71b35ddca7399181323f6b3d47862dcc32c99025fc9174b750a7569d39"}, {"condition_id": "0x9f1fc9fa4e0af34538485d07cd1ca93fd0d7a45989346ed94be84dada491d2a6", "id": "0x8d0ea36fe29fd57df2d5fe61977ed9b71207b90d644ccfec5a7dc67d799b0bb0_0x3f14e4fc89e35e0f6807c074c7a504b0cee6d1cb4bfe0af5f19f053dc24fc57d", "outcome": "Under", "price": 0.45999999999999996, "proxy_wallet": "0x5e9458202b5817a72cf81105ec8a30e6f3705ba1", "side": "BUY", "size": 142.05, "slug": "mlb-lad-oak-2026-07-01-total-10pt5", "timestamp": "2026-07-02T00:50:47Z", "token_id": "68403683078011534181983449453403670223956468783815711662812446853492543129439", "transaction_hash": "0x8d0ea36fe29fd57df2d5fe61977ed9b71207b90d644ccfec5a7dc67d799b0bb0"}, {"condition_id": "0x9f1fc9fa4e0af34538485d07cd1ca93fd0d7a45989346ed94be84dada491d2a6", "id": "0x5c47b3a8cab82612acbad3ad258e2f1c0721f523bf8c63e49d459ceedd5d2b3a_0x3f14e4fc89e35e0f6807c074c7a504b0cee6d1cb4bfe0af5f19f053dc24fc57d", "outcome": "Under", "price": 0.46, "proxy_wallet": "0x5e9458202b5817a72cf81105ec8a30e6f3705ba1", "side": "BUY", "size": 132.98, "slug": "mlb-lad-oak-2026-07-01-total-10pt5", "timestamp": "2026-07-02T00:48:31Z", "token_id": "68403683078011534181983449453403670223956468783815711662812446853492543129439", "transaction_hash": "0x5c47b3a8cab82612acbad3ad258e2f1c0721f523bf8c63e49d459ceedd5d2b3a"}, {"condition_id": "0xd737f5e4f27ef59cb59d887a12d02c61b32885f158abdbd3f494c0287e69685a", "id": "0xbb228f597e2e0786f2ea0decb73d84fbe86314b672f4cba2de722252e513324d_0x22387adc13d9fd90bf6c5c7f07728ae14d15b9a3ad5dc77b5fe1a57daf736dcf", "outcome": "Under", "price": 0.56, "proxy_wallet": "0x5e9458202b5817a72cf81105ec8a30e6f3705ba1", "side": "BUY", "size": 50, "slug": "mlb-lad-oak-2026-07-01-total-11pt5", "timestamp": "2026-07-02T00:43:29Z", "token_id": "66042525641546169376608709005710201652758481049663965982364604624247877664697", "transaction_hash": "0xbb228f597e2e0786f2ea0decb73d84fbe86314b672f4cba2de722252e513324d"}, {"condition_id": "0x503cc08c1fcff5bcca91d07c143e87b3bddd68566445851e93db965e6a1a122d", "id": "0x0347e8c8189b5665f7645e10e8f8205c1971596cac86f82b63365c8e0e7fb113_0x6d24c2a13f5eda88041e961ae88b85683bb0782350a29de00ba4612192a216ed", "outcome": "Colorado Rockies", "price": 0.43, "proxy_wallet": "0x5e9458202b5817a72cf81105ec8a30e6f3705ba1", "side": "BUY", "size": 139534, "slug": "mlb-mia-col-2026-07-01", "timestamp": "2026-07-02T00:39:04Z", "token_id": "77275020519117476392252162482053003018718756533700410205853872084141713559998", "transaction_hash": "0x0347e8c8189b5665f7645e10e8f8205c1971596cac86f82b63365c8e0e7fb113"}, {"condition_id": "0x9f1fc9fa4e0af34538485d07cd1ca93fd0d7a45989346ed94be84dada491d2a6", "id": "0xcec724924440b317255ab17b75a4aadc76597041e29c1d8f1a5401bbe1831ca1_0x3f14e4fc89e35e0f6807c074c7a504b0cee6d1cb4bfe0af5f19f053dc24fc57d", "outcome": "Under", "price": 0.4600000090178929, "proxy_wallet": "0x5e9458202b5817a72cf81105ec8a30e6f3705ba1", "side": "BUY", "size": 46.574073, "slug": "mlb-lad-oak-2026-07-01-total-10pt5", "timestamp": "2026-07-02T00:36:10Z", "token_id": "68403683078011534181983449453403670223956468783815711662812446853492543129439", "transaction_hash": "0xcec724924440b317255ab17b75a4aadc76597041e29c1d8f1a5401bbe1831ca1"}, {"condition_id": "0x9f1fc9fa4e0af34538485d07cd1ca93fd0d7a45989346ed94be84dada491d2a6", "id": "0xd0d5c097a8cb1bb1ff0ea7dcdfd58a76174015fb34a49d8ec5a6e21e0c2ea853_0x3f14e4fc89e35e0f6807c074c7a504b0cee6d1cb4bfe0af5f19f053dc24fc57d", "outcome": "Under", "price": 0.4600000152727284, "proxy_wallet": "0x5e9458202b5817a72cf81105ec8a30e6f3705ba1", "side": "BUY", "size": 18.333332, "slug": "mlb-lad-oak-2026-07-01-total-10pt5", "timestamp": "2026-07-02T00:25:29Z", "token_id": "68403683078011534181983449453403670223956468783815711662812446853492543129439", "transaction_hash": "0xd0d5c097a8cb1bb1ff0ea7dcdfd58a76174015fb34a49d8ec5a6e21e0c2ea853"}, {"condition_id": "0x9f1fc9fa4e0af34538485d07cd1ca93fd0d7a45989346ed94be84dada491d2a6", "id": "0xe2a6b4d5d06c4b01e9ef05debb7a3ae9d65bf3e430bcb92bdb002281353aae88_0x3f14e4fc89e35e0f6807c074c7a504b0cee6d1cb4bfe0af5f19f053dc24fc57d", "outcome": "Under", "price": 0.46000001530000084, "proxy_wallet": "0x5e9458202b5817a72cf81105ec8a30e6f3705ba1", "side": "BUY", "size": 22.222221, "slug": "mlb-lad-oak-2026-07-01-total-10pt5", "timestamp": "2026-07-02T00:19:16Z", "token_id": "68403683078011534181983449453403670223956468783815711662812446853492543129439", "transaction_hash": "0xe2a6b4d5d06c4b01e9ef05debb7a3ae9d65bf3e430bcb92bdb002281353aae88"}, {"condition_id": "0xd737f5e4f27ef59cb59d887a12d02c61b32885f158abdbd3f494c0287e69685a", "id": "0x1a7b92717e9201c362cb47c1e95907b61ded091a8be21b51b46fdf5ff3861df9_0x22387adc13d9fd90bf6c5c7f07728ae14d15b9a3ad5dc77b5fe1a57daf736dcf", "outcome": "Under", "price": 0.56, "proxy_wallet": "0x5e9458202b5817a72cf81105ec8a30e6f3705ba1", "side": "BUY", "size": 430.58, "slug": "mlb-lad-oak-2026-07-01-total-11pt5", "timestamp": "2026-07-02T00:02:47Z", "token_id": "66042525641546169376608709005710201652758481049663965982364604624247877664697", "transaction_hash": "0x1a7b92717e9201c362cb47c1e95907b61ded091a8be21b51b46fdf5ff3861df9"}, {"condition_id": "0x9f1fc9fa4e0af34538485d07cd1ca93fd0d7a45989346ed94be84dada491d2a6", "id": "0xe4f563086e05dcf9ce5c6eb70ee83e5d29268f1608a61f6b153b1013c989876b_0x3f14e4fc89e35e0f6807c074c7a504b0cee6d1cb4bfe0af5f19f053dc24fc57d", "outcome": "Under", "price": 0.45999999999999996, "proxy_wallet": "0x5e9458202b5817a72cf81105ec8a30e6f3705ba1", "side": "BUY", "size": 15516.37, "slug": "mlb-lad-oak-2026-07-01-total-10pt5", "timestamp": "2026-07-02T00:02:29Z", "token_id": "68403683078011534181983449453403670223956468783815711662812446853492543129439", "transaction_hash": "0xe4f563086e05dcf9ce5c6eb70ee83e5d29268f1608a61f6b153b1013c989876b"}, {"condition_id": "0x9f1fc9fa4e0af34538485d07cd1ca93fd0d7a45989346ed94be84dada491d2a6", "id": "0x171bad8aca554b32e2de4a6232d2c121809188713a1b8ed5556759c0c7df8d2e_0xf90694aa4345c14c9e690d4438388e15fb3828050017d034a1cf5168dd43a442", "outcome": "Under", "price": 0.45, "proxy_wallet": "0x5e9458202b5817a72cf81105ec8a30e6f3705ba1", "side": "BUY", "size": 26.19, "slug": "mlb-lad-oak-2026-07-01-total-10pt5", "timestamp": "2026-07-01T23:49:02Z", "token_id": "68403683078011534181983449453403670223956468783815711662812446853492543129439", "transaction_hash": "0x171bad8aca554b32e2de4a6232d2c121809188713a1b8ed5556759c0c7df8d2e"}, {"condition_id": "0x9f1fc9fa4e0af34538485d07cd1ca93fd0d7a45989346ed94be84dada491d2a6", "id": "0x112761be25411e46365fca784b1c9b407d57e519dce6df35d57e733dd95823d1_0xf90694aa4345c14c9e690d4438388e15fb3828050017d034a1cf5168dd43a442", "outcome": "Under", "price": 0.44999999999999996, "proxy_wallet": "0x5e9458202b5817a72cf81105ec8a30e6f3705ba1", "side": "BUY", "size": 79.59, "slug": "mlb-lad-oak-2026-07-01-total-10pt5", "timestamp": "2026-07-01T23:48:13Z", "token_id": "68403683078011534181983449453403670223956468783815711662812446853492543129439", "transaction_hash": "0x112761be25411e46365fca784b1c9b407d57e519dce6df35d57e733dd95823d1"}, {"condition_id": "0x9f1fc9fa4e0af34538485d07cd1ca93fd0d7a45989346ed94be84dada491d2a6", "id": "0x5e500be1f81574c47f5b1c9f346ea047ec55b30c6e4cb3241c8075782d46c98c_0xf90694aa4345c14c9e690d4438388e15fb3828050017d034a1cf5168dd43a442", "outcome": "Under", "price": 0.44999999999999996, "proxy_wallet": "0x5e9458202b5817a72cf81105ec8a30e6f3705ba1", "side": "BUY", "size": 222.65, "slug": "mlb-lad-oak-2026-07-01-total-10pt5", "timestamp": "2026-07-01T23:47:28Z", "token_id": "68403683078011534181983449453403670223956468783815711662812446853492543129439", "transaction_hash": "0x5e500be1f81574c47f5b1c9f346ea047ec55b30c6e4cb3241c8075782d46c98c"}, {"condition_id": "0x9f1fc9fa4e0af34538485d07cd1ca93fd0d7a45989346ed94be84dada491d2a6", "id": "0x597d14d4ea47d11021333cd384a3773ba78f71a85ae1ef9c09f4baf339a7a00e_0xf90694aa4345c14c9e690d4438388e15fb3828050017d034a1cf5168dd43a442", "outcome": "Under", "price": 0.45, "proxy_wallet": "0x5e9458202b5817a72cf81105ec8a30e6f3705ba1", "side": "BUY", "size": 266.98, "slug": "mlb-lad-oak-2026-07-01-total-10pt5", "timestamp": "2026-07-01T23:44:58Z", "token_id": "68403683078011534181983449453403670223956468783815711662812446853492543129439", "transaction_hash": "0x597d14d4ea47d11021333cd384a3773ba78f71a85ae1ef9c09f4baf339a7a00e"}, {"condition_id": "0x9f1fc9fa4e0af34538485d07cd1ca93fd0d7a45989346ed94be84dada491d2a6", "id": "0x505171e4050e0ccf7be5d6becbb621f3ff3cc6a4ebb4711370e90832f2e14250_0xf90694aa4345c14c9e690d4438388e15fb3828050017d034a1cf5168dd43a442", "outcome": "Under", "price": 0.44999999999999996, "proxy_wallet": "0x5e9458202b5817a72cf81105ec8a30e6f3705ba1", "side": "BUY", "size": 44.32, "slug": "mlb-lad-oak-2026-07-01-total-10pt5", "timestamp": "2026-07-01T23:44:40Z", "token_id": "68403683078011534181983449453403670223956468783815711662812446853492543129439", "transaction_hash": "0x505171e4050e0ccf7be5d6becbb621f3ff3cc6a4ebb4711370e90832f2e14250"}, {"condition_id": "0x9f1fc9fa4e0af34538485d07cd1ca93fd0d7a45989346ed94be84dada491d2a6", "id": "0xbdf8c4b91a0d6f0271774a19aa25a1c715a97aad312a01b2d303e0c67aea80be_0xf90694aa4345c14c9e690d4438388e15fb3828050017d034a1cf5168dd43a442", "outcome": "Under", "price": 0.45, "proxy_wallet": "0x5e9458202b5817a72cf81105ec8a30e6f3705ba1", "side": "BUY", "size": 118.88, "slug": "mlb-lad-oak-2026-07-01-total-10pt5", "timestamp": "2026-07-01T23:43:40Z", "token_id": "68403683078011534181983449453403670223956468783815711662812446853492543129439", "transaction_hash": "0xbdf8c4b91a0d6f0271774a19aa25a1c715a97aad312a01b2d303e0c67aea80be"}, {"condition_id": "0x9f1fc9fa4e0af34538485d07cd1ca93fd0d7a45989346ed94be84dada491d2a6", "id": "0x49987df8b6020bbb6a3fafe2d2fdc87263a9ed1d6222a872bfa413af800ac14a_0xf90694aa4345c14c9e690d4438388e15fb3828050017d034a1cf5168dd43a442", "outcome": "Under", "price": 0.44999999999999996, "proxy_wallet": "0x5e9458202b5817a72cf81105ec8a30e6f3705ba1", "side": "BUY", "size": 17.12, "slug": "mlb-lad-oak-2026-07-01-total-10pt5", "timestamp": "2026-07-01T23:43:28Z", "token_id": "68403683078011534181983449453403670223956468783815711662812446853492543129439", "transaction_hash": "0x49987df8b6020bbb6a3fafe2d2fdc87263a9ed1d6222a872bfa413af800ac14a"}, {"condition_id": "0x036b0c654502bb269410e8353735575a9203fc24acb8a321b6945c9d7ef7f25f", "id": "0xd60803234fcb75274e9775263af319406d0c503d66a8156ba91e634f3bdce51b_0x7233494df9288ebb5d24cecee9651e6400d69ac7af118547f41976afe2f22154", "outcome": "Kansas City Royals", "price": 0.42000000000000004, "proxy_wallet": "0x5e9458202b5817a72cf81105ec8a30e6f3705ba1", "side": "BUY", "size": 5, "slug": "mlb-tb-kc-2026-07-01", "timestamp": "2026-07-01T23:39:56Z", "token_id": "69114849209690604338250675455738785620180463770409636087851434581080081233616", "transaction_hash": "0xd60803234fcb75274e9775263af319406d0c503d66a8156ba91e634f3bdce51b"}, {"condition_id": "0x036b0c654502bb269410e8353735575a9203fc24acb8a321b6945c9d7ef7f25f", "id": "0xf3ca00b9ce9b4e8f2c461cf765df0c9ac8fd190ed80485592c4ad5637f9a41a1_0x7233494df9288ebb5d24cecee9651e6400d69ac7af118547f41976afe2f22154", "outcome": "Kansas City Royals", "price": 0.42, "proxy_wallet": "0x5e9458202b5817a72cf81105ec8a30e6f3705ba1", "side": "BUY", "size": 699.1, "slug": "mlb-tb-kc-2026-07-01", "timestamp": "2026-07-01T23:39:53Z", "token_id": "69114849209690604338250675455738785620180463770409636087851434581080081233616", "transaction_hash": "0xf3ca00b9ce9b4e8f2c461cf765df0c9ac8fd190ed80485592c4ad5637f9a41a1"}, {"condition_id": "0x036b0c654502bb269410e8353735575a9203fc24acb8a321b6945c9d7ef7f25f", "id": "0xb9e5c486e54dca36efd96ebf431abe4efd9714bd1fe19986e42934a84774fc41_0x7233494df9288ebb5d24cecee9651e6400d69ac7af118547f41976afe2f22154", "outcome": "Kansas City Royals", "price": 0.42, "proxy_wallet": "0x5e9458202b5817a72cf81105ec8a30e6f3705ba1", "side": "BUY", "size": 42.3, "slug": "mlb-tb-kc-2026-07-01", "timestamp": "2026-07-01T23:39:47Z", "token_id": "69114849209690604338250675455738785620180463770409636087851434581080081233616", "transaction_hash": "0xb9e5c486e54dca36efd96ebf431abe4efd9714bd1fe19986e42934a84774fc41"}, {"condition_id": "0x036b0c654502bb269410e8353735575a9203fc24acb8a321b6945c9d7ef7f25f", "id": "0xb6040c61c6da233b7ab14202557981443c57e100dc0231ef91efc8f735e2c195_0x7233494df9288ebb5d24cecee9651e6400d69ac7af118547f41976afe2f22154", "outcome": "Kansas City Royals", "price": 0.42000000000000004, "proxy_wallet": "0x5e9458202b5817a72cf81105ec8a30e6f3705ba1", "side": "BUY", "size": 16.11, "slug": "mlb-tb-kc-2026-07-01", "timestamp": "2026-07-01T23:39:46Z", "token_id": "69114849209690604338250675455738785620180463770409636087851434581080081233616", "transaction_hash": "0xb6040c61c6da233b7ab14202557981443c57e100dc0231ef91efc8f735e2c195"}, {"condition_id": "0x036b0c654502bb269410e8353735575a9203fc24acb8a321b6945c9d7ef7f25f", "id": "0x1e71602f95a0d0c43a6cd6ead3d439afc956f62ede169767a523ecebfad663ca_0x7233494df9288ebb5d24cecee9651e6400d69ac7af118547f41976afe2f22154", "outcome": "Kansas City Royals", "price": 0.42, "proxy_wallet": "0x5e9458202b5817a72cf81105ec8a30e6f3705ba1", "side": "BUY", "size": 375.74, "slug": "mlb-tb-kc-2026-07-01", "timestamp": "2026-07-01T23:39:38Z", "token_id": "69114849209690604338250675455738785620180463770409636087851434581080081233616", "transaction_hash": "0x1e71602f95a0d0c43a6cd6ead3d439afc956f62ede169767a523ecebfad663ca"}, {"condition_id": "0x036b0c654502bb269410e8353735575a9203fc24acb8a321b6945c9d7ef7f25f", "id": "0xac1215b6eeb618fc1012883511ff16a13bf7ca86509ad56b12f2252b5717e91e_0x7233494df9288ebb5d24cecee9651e6400d69ac7af118547f41976afe2f22154", "outcome": "Kansas City Royals", "price": 0.42, "proxy_wallet": "0x5e9458202b5817a72cf81105ec8a30e6f3705ba1", "side": "BUY", "size": 59.43, "slug": "mlb-tb-kc-2026-07-01", "timestamp": "2026-07-01T23:39:38Z", "token_id": "69114849209690604338250675455738785620180463770409636087851434581080081233616", "transaction_hash": "0xac1215b6eeb618fc1012883511ff16a13bf7ca86509ad56b12f2252b5717e91e"}, {"condition_id": "0x036b0c654502bb269410e8353735575a9203fc24acb8a321b6945c9d7ef7f25f", "id": "0xe27bfb7cd60b54b80309f3ea82a8e7ecb03f1bac36e708c4d4db1850ac79a4aa_0x7233494df9288ebb5d24cecee9651e6400d69ac7af118547f41976afe2f22154", "outcome": "Kansas City Royals", "price": 0.42000000000000004, "proxy_wallet": "0x5e9458202b5817a72cf81105ec8a30e6f3705ba1", "side": "BUY", "size": 84.61, "slug": "mlb-tb-kc-2026-07-01", "timestamp": "2026-07-01T23:39:37Z", "token_id": "69114849209690604338250675455738785620180463770409636087851434581080081233616", "transaction_hash": "0xe27bfb7cd60b54b80309f3ea82a8e7ecb03f1bac36e708c4d4db1850ac79a4aa"}, {"condition_id": "0x036b0c654502bb269410e8353735575a9203fc24acb8a321b6945c9d7ef7f25f", "id": "0x9fea4f205858f4836f834b774c43bce6c9ef2dd2fe599029b6b1a83b50ce7aef_0x7233494df9288ebb5d24cecee9651e6400d69ac7af118547f41976afe2f22154", "outcome": "Kansas City Royals", "price": 0.42, "proxy_wallet": "0x5e9458202b5817a72cf81105ec8a30e6f3705ba1", "side": "BUY", "size": 25.18, "slug": "mlb-tb-kc-2026-07-01", "timestamp": "2026-07-01T23:39:34Z", "token_id": "69114849209690604338250675455738785620180463770409636087851434581080081233616", "transaction_hash": "0x9fea4f205858f4836f834b774c43bce6c9ef2dd2fe599029b6b1a83b50ce7aef"}, {"condition_id": "0x036b0c654502bb269410e8353735575a9203fc24acb8a321b6945c9d7ef7f25f", "id": "0x1a0b004dbcd3de435a249c6906ad5c9de97908d030f36c96cac581aab2b78980_0x7233494df9288ebb5d24cecee9651e6400d69ac7af118547f41976afe2f22154", "outcome": "Kansas City Royals", "price": 0.42, "proxy_wallet": "0x5e9458202b5817a72cf81105ec8a30e6f3705ba1", "side": "BUY", "size": 15.11, "slug": "mlb-tb-kc-2026-07-01", "timestamp": "2026-07-01T23:39:28Z", "token_id": "69114849209690604338250675455738785620180463770409636087851434581080081233616", "transaction_hash": "0x1a0b004dbcd3de435a249c6906ad5c9de97908d030f36c96cac581aab2b78980"}, {"condition_id": "0x036b0c654502bb269410e8353735575a9203fc24acb8a321b6945c9d7ef7f25f", "id": "0x279f4537170a91833e6cd6d09fdf14ed9a256e2f5cd24452a905466a0599a513_0x7233494df9288ebb5d24cecee9651e6400d69ac7af118547f41976afe2f22154", "outcome": "Kansas City Royals", "price": 0.42, "proxy_wallet": "0x5e9458202b5817a72cf81105ec8a30e6f3705ba1", "side": "BUY", "size": 25.18, "slug": "mlb-tb-kc-2026-07-01", "timestamp": "2026-07-01T23:39:23Z", "token_id": "69114849209690604338250675455738785620180463770409636087851434581080081233616", "transaction_hash": "0x279f4537170a91833e6cd6d09fdf14ed9a256e2f5cd24452a905466a0599a513"}, {"condition_id": "0x9f1fc9fa4e0af34538485d07cd1ca93fd0d7a45989346ed94be84dada491d2a6", "id": "0xdc5e45f5753fb894279259d49c6ed67e4ebadfbe3311af150bd5c2b1e59c79b0_0xf90694aa4345c14c9e690d4438388e15fb3828050017d034a1cf5168dd43a442", "outcome": "Under", "price": 0.44999999999999996, "proxy_wallet": "0x5e9458202b5817a72cf81105ec8a30e6f3705ba1", "side": "BUY", "size": 44.32, "slug": "mlb-lad-oak-2026-07-01-total-10pt5", "timestamp": "2026-07-01T23:39:22Z", "token_id": "68403683078011534181983449453403670223956468783815711662812446853492543129439", "transaction_hash": "0xdc5e45f5753fb894279259d49c6ed67e4ebadfbe3311af150bd5c2b1e59c79b0"}, {"condition_id": "0x036b0c654502bb269410e8353735575a9203fc24acb8a321b6945c9d7ef7f25f", "id": "0xbddd087d873b7035155355d9040e9d0866eca6590f3a0a63633cd38438bfb6ab_0x7233494df9288ebb5d24cecee9651e6400d69ac7af118547f41976afe2f22154", "outcome": "Kansas City Royals", "price": 0.42000000000000004, "proxy_wallet": "0x5e9458202b5817a72cf81105ec8a30e6f3705ba1", "side": "BUY", "size": 67.49, "slug": "mlb-tb-kc-2026-07-01", "timestamp": "2026-07-01T23:39:19Z", "token_id": "69114849209690604338250675455738785620180463770409636087851434581080081233616", "transaction_hash": "0xbddd087d873b7035155355d9040e9d0866eca6590f3a0a63633cd38438bfb6ab"}, {"condition_id": "0x9f1fc9fa4e0af34538485d07cd1ca93fd0d7a45989346ed94be84dada491d2a6", "id": "0x503b8ea28d31ec07f8131397f308e1368ae312bdb231217e9bbe11f62ea87df9_0xf90694aa4345c14c9e690d4438388e15fb3828050017d034a1cf5168dd43a442", "outcome": "Under", "price": 0.45, "proxy_wallet": "0x5e9458202b5817a72cf81105ec8a30e6f3705ba1", "side": "BUY", "size": 178.32, "slug": "mlb-lad-oak-2026-07-01-total-10pt5", "timestamp": "2026-07-01T23:39:14Z", "token_id": "68403683078011534181983449453403670223956468783815711662812446853492543129439", "transaction_hash": "0x503b8ea28d31ec07f8131397f308e1368ae312bdb231217e9bbe11f62ea87df9"}, {"condition_id": "0x036b0c654502bb269410e8353735575a9203fc24acb8a321b6945c9d7ef7f25f", "id": "0x856963fb2677c314caa11cd4d4df77ab6b36fabf36f2c4ca7caa8d0ca343c828_0x7233494df9288ebb5d24cecee9651e6400d69ac7af118547f41976afe2f22154", "outcome": "Kansas City Royals", "price": 0.42, "proxy_wallet": "0x5e9458202b5817a72cf81105ec8a30e6f3705ba1", "side": "BUY", "size": 33.24, "slug": "mlb-tb-kc-2026-07-01", "timestamp": "2026-07-01T23:39:14Z", "token_id": "69114849209690604338250675455738785620180463770409636087851434581080081233616", "transaction_hash": "0x856963fb2677c314caa11cd4d4df77ab6b36fabf36f2c4ca7caa8d0ca343c828"}, {"condition_id": "0x036b0c654502bb269410e8353735575a9203fc24acb8a321b6945c9d7ef7f25f", "id": "0xffeb1a512b1ae1f6491be2888fc31673a478e25b67730be48cf498f20e8c2320_0x7233494df9288ebb5d24cecee9651e6400d69ac7af118547f41976afe2f22154", "outcome": "Kansas City Royals", "price": 0.42, "proxy_wallet": "0x5e9458202b5817a72cf81105ec8a30e6f3705ba1", "side": "BUY", "size": 540.95, "slug": "mlb-tb-kc-2026-07-01", "timestamp": "2026-07-01T23:39:11Z", "token_id": "69114849209690604338250675455738785620180463770409636087851434581080081233616", "transaction_hash": "0xffeb1a512b1ae1f6491be2888fc31673a478e25b67730be48cf498f20e8c2320"}, {"condition_id": "0x036b0c654502bb269410e8353735575a9203fc24acb8a321b6945c9d7ef7f25f", "id": "0xc55b975b0eead09203a48bd5609c5487a3774d21b90f594edbfd67363fdf0bca_0x7233494df9288ebb5d24cecee9651e6400d69ac7af118547f41976afe2f22154", "outcome": "Kansas City Royals", "price": 0.42, "proxy_wallet": "0x5e9458202b5817a72cf81105ec8a30e6f3705ba1", "side": "BUY", "size": 135.99, "slug": "mlb-tb-kc-2026-07-01", "timestamp": "2026-07-01T23:39:11Z", "token_id": "69114849209690604338250675455738785620180463770409636087851434581080081233616", "transaction_hash": "0xc55b975b0eead09203a48bd5609c5487a3774d21b90f594edbfd67363fdf0bca"}, {"condition_id": "0x036b0c654502bb269410e8353735575a9203fc24acb8a321b6945c9d7ef7f25f", "id": "0x2e71991d1df96a42ae9b5175fab9d538193c23b7854734c568268fa13d52abe3_0x7233494df9288ebb5d24cecee9651e6400d69ac7af118547f41976afe2f22154", "outcome": "Kansas City Royals", "price": 0.42000000000000004, "proxy_wallet": "0x5e9458202b5817a72cf81105ec8a30e6f3705ba1", "side": "BUY", "size": 54.39, "slug": "mlb-tb-kc-2026-07-01", "timestamp": "2026-07-01T23:39:02Z", "token_id": "69114849209690604338250675455738785620180463770409636087851434581080081233616", "transaction_hash": "0x2e71991d1df96a42ae9b5175fab9d538193c23b7854734c568268fa13d52abe3"}, {"condition_id": "0x036b0c654502bb269410e8353735575a9203fc24acb8a321b6945c9d7ef7f25f", "id": "0xe0cbebabc714b5bea5e8210e8546a319cea9d3ede4dbe52f152032f521c7ad1e_0x7233494df9288ebb5d24cecee9651e6400d69ac7af118547f41976afe2f22154", "outcome": "Kansas City Royals", "price": 0.42000000000000004, "proxy_wallet": "0x5e9458202b5817a72cf81105ec8a30e6f3705ba1", "side": "BUY", "size": 1208.83, "slug": "mlb-tb-kc-2026-07-01", "timestamp": "2026-07-01T23:39:02Z", "token_id": "69114849209690604338250675455738785620180463770409636087851434581080081233616", "transaction_hash": "0xe0cbebabc714b5bea5e8210e8546a319cea9d3ede4dbe52f152032f521c7ad1e"}, {"condition_id": "0x036b0c654502bb269410e8353735575a9203fc24acb8a321b6945c9d7ef7f25f", "id": "0xa1251747f2ed6723239a5d183e91361c1fba54a672ca9e6eaf1ebc275921e657_0x7233494df9288ebb5d24cecee9651e6400d69ac7af118547f41976afe2f22154", "outcome": "Kansas City Royals", "price": 0.42000000000000004, "proxy_wallet": "0x5e9458202b5817a72cf81105ec8a30e6f3705ba1", "side": "BUY", "size": 846.18, "slug": "mlb-tb-kc-2026-07-01", "timestamp": "2026-07-01T23:39:01Z", "token_id": "69114849209690604338250675455738785620180463770409636087851434581080081233616", "transaction_hash": "0xa1251747f2ed6723239a5d183e91361c1fba54a672ca9e6eaf1ebc275921e657"}, {"condition_id": "0x036b0c654502bb269410e8353735575a9203fc24acb8a321b6945c9d7ef7f25f", "id": "0xff16baa46a845fbe915338162da863b68a2afe84003883b96fc5537b8fa3ff1a_0x7233494df9288ebb5d24cecee9651e6400d69ac7af118547f41976afe2f22154", "outcome": "Kansas City Royals", "price": 0.42, "proxy_wallet": "0x5e9458202b5817a72cf81105ec8a30e6f3705ba1", "side": "BUY", "size": 25.18, "slug": "mlb-tb-kc-2026-07-01", "timestamp": "2026-07-01T23:38:59Z", "token_id": "69114849209690604338250675455738785620180463770409636087851434581080081233616", "transaction_hash": "0xff16baa46a845fbe915338162da863b68a2afe84003883b96fc5537b8fa3ff1a"}, {"condition_id": "0x036b0c654502bb269410e8353735575a9203fc24acb8a321b6945c9d7ef7f25f", "id": "0x17b70d2d4099b13c171941a52bd3b3e31309524c8a7a7198d12c038f60780268_0x7233494df9288ebb5d24cecee9651e6400d69ac7af118547f41976afe2f22154", "outcome": "Kansas City Royals", "price": 0.42, "proxy_wallet": "0x5e9458202b5817a72cf81105ec8a30e6f3705ba1", "side": "BUY", "size": 5.03, "slug": "mlb-tb-kc-2026-07-01", "timestamp": "2026-07-01T23:38:58Z", "token_id": "69114849209690604338250675455738785620180463770409636087851434581080081233616", "transaction_hash": "0x17b70d2d4099b13c171941a52bd3b3e31309524c8a7a7198d12c038f60780268"}, {"condition_id": "0x9f1fc9fa4e0af34538485d07cd1ca93fd0d7a45989346ed94be84dada491d2a6", "id": "0xbb8abe1c45cb4847363cab93714565e6ecf6c3235600f86969b4efadc84510e0_0xf90694aa4345c14c9e690d4438388e15fb3828050017d034a1cf5168dd43a442", "outcome": "Under", "price": 0.44999999999999996, "proxy_wallet": "0x5e9458202b5817a72cf81105ec8a30e6f3705ba1", "side": "BUY", "size": 44.32, "slug": "mlb-lad-oak-2026-07-01-total-10pt5", "timestamp": "2026-07-01T23:38:53Z", "token_id": "68403683078011534181983449453403670223956468783815711662812446853492543129439", "transaction_hash": "0xbb8abe1c45cb4847363cab93714565e6ecf6c3235600f86969b4efadc84510e0"}, {"condition_id": "0x036b0c654502bb269410e8353735575a9203fc24acb8a321b6945c9d7ef7f25f", "id": "0xd09b900c27b68ee279c9ec6fd826f1de6bd0da7dfb76b4cc7b1442370d6a214f_0x7233494df9288ebb5d24cecee9651e6400d69ac7af118547f41976afe2f22154", "outcome": "Kansas City Royals", "price": 0.42000000000000004, "proxy_wallet": "0x5e9458202b5817a72cf81105ec8a30e6f3705ba1", "side": "BUY", "size": 16.11, "slug": "mlb-tb-kc-2026-07-01", "timestamp": "2026-07-01T23:38:50Z", "token_id": "69114849209690604338250675455738785620180463770409636087851434581080081233616", "transaction_hash": "0xd09b900c27b68ee279c9ec6fd826f1de6bd0da7dfb76b4cc7b1442370d6a214f"}, {"condition_id": "0x036b0c654502bb269410e8353735575a9203fc24acb8a321b6945c9d7ef7f25f", "id": "0xf2ed642d8b19d98f0aef8eb15cc9fa1d95262280e0959006c42a380b9c723229_0x7233494df9288ebb5d24cecee9651e6400d69ac7af118547f41976afe2f22154", "outcome": "Kansas City Royals", "price": 0.42000000000000004, "proxy_wallet": "0x5e9458202b5817a72cf81105ec8a30e6f3705ba1", "side": "BUY", "size": 423.09, "slug": "mlb-tb-kc-2026-07-01", "timestamp": "2026-07-01T23:38:46Z", "token_id": "69114849209690604338250675455738785620180463770409636087851434581080081233616", "transaction_hash": "0xf2ed642d8b19d98f0aef8eb15cc9fa1d95262280e0959006c42a380b9c723229"}, {"condition_id": "0x036b0c654502bb269410e8353735575a9203fc24acb8a321b6945c9d7ef7f25f", "id": "0xde62f3b05a1154568e9222af59602d96ba5e57aee06ffd35e236b144fc1c05a2_0x7233494df9288ebb5d24cecee9651e6400d69ac7af118547f41976afe2f22154", "outcome": "Kansas City Royals", "price": 0.42000000000000004, "proxy_wallet": "0x5e9458202b5817a72cf81105ec8a30e6f3705ba1", "side": "BUY", "size": 845.17, "slug": "mlb-tb-kc-2026-07-01", "timestamp": "2026-07-01T23:38:46Z", "token_id": "69114849209690604338250675455738785620180463770409636087851434581080081233616", "transaction_hash": "0xde62f3b05a1154568e9222af59602d96ba5e57aee06ffd35e236b144fc1c05a2"}, {"condition_id": "0x036b0c654502bb269410e8353735575a9203fc24acb8a321b6945c9d7ef7f25f", "id": "0x47e99c110e1dca6fc62b1593aadd82c4fbd72c6dbcefd811d106cd6b1d7f455f_0x7233494df9288ebb5d24cecee9651e6400d69ac7af118547f41976afe2f22154", "outcome": "Kansas City Royals", "price": 0.42, "proxy_wallet": "0x5e9458202b5817a72cf81105ec8a30e6f3705ba1", "side": "BUY", "size": 25.18, "slug": "mlb-tb-kc-2026-07-01", "timestamp": "2026-07-01T23:38:44Z", "token_id": "69114849209690604338250675455738785620180463770409636087851434581080081233616", "transaction_hash": "0x47e99c110e1dca6fc62b1593aadd82c4fbd72c6dbcefd811d106cd6b1d7f455f"}, {"condition_id": "0x036b0c654502bb269410e8353735575a9203fc24acb8a321b6945c9d7ef7f25f", "id": "0xce525e84343aaf9e73ed74b4b896a282d2bf78241d03a01ddd97e248a9a10e8f_0x7233494df9288ebb5d24cecee9651e6400d69ac7af118547f41976afe2f22154", "outcome": "Kansas City Royals", "price": 0.42000000000000004, "proxy_wallet": "0x5e9458202b5817a72cf81105ec8a30e6f3705ba1", "side": "BUY", "size": 16.11, "slug": "mlb-tb-kc-2026-07-01", "timestamp": "2026-07-01T23:38:41Z", "token_id": "69114849209690604338250675455738785620180463770409636087851434581080081233616", "transaction_hash": "0xce525e84343aaf9e73ed74b4b896a282d2bf78241d03a01ddd97e248a9a10e8f"}, {"condition_id": "0x036b0c654502bb269410e8353735575a9203fc24acb8a321b6945c9d7ef7f25f", "id": "0x39cb2bd7378a6f17986e95d6263c8844839b9a04f995e22c164f7e1e6956675a_0x7233494df9288ebb5d24cecee9651e6400d69ac7af118547f41976afe2f22154", "outcome": "Kansas City Royals", "price": 0.42000000000000004, "proxy_wallet": "0x5e9458202b5817a72cf81105ec8a30e6f3705ba1", "side": "BUY", "size": 156.14, "slug": "mlb-tb-kc-2026-07-01", "timestamp": "2026-07-01T23:38:37Z", "token_id": "69114849209690604338250675455738785620180463770409636087851434581080081233616", "transaction_hash": "0x39cb2bd7378a6f17986e95d6263c8844839b9a04f995e22c164f7e1e6956675a"}, {"condition_id": "0x036b0c654502bb269410e8353735575a9203fc24acb8a321b6945c9d7ef7f25f", "id": "0xe617d9a5b2c3e0aee981ef9190a54278985580c290a6be8778fa232ef55f4ace_0x7233494df9288ebb5d24cecee9651e6400d69ac7af118547f41976afe2f22154", "outcome": "Kansas City Royals", "price": 0.42, "proxy_wallet": "0x5e9458202b5817a72cf81105ec8a30e6f3705ba1", "side": "BUY", "size": 115.84, "slug": "mlb-tb-kc-2026-07-01", "timestamp": "2026-07-01T23:38:35Z", "token_id": "69114849209690604338250675455738785620180463770409636087851434581080081233616", "transaction_hash": "0xe617d9a5b2c3e0aee981ef9190a54278985580c290a6be8778fa232ef55f4ace"}, {"condition_id": "0x036b0c654502bb269410e8353735575a9203fc24acb8a321b6945c9d7ef7f25f", "id": "0xc0ebf557979e1d25df11033f55d772947629d23df75e4ec901fd6478b30cd559_0x7233494df9288ebb5d24cecee9651e6400d69ac7af118547f41976afe2f22154", "outcome": "Kansas City Royals", "price": 0.42, "proxy_wallet": "0x5e9458202b5817a72cf81105ec8a30e6f3705ba1", "side": "BUY", "size": 50.36, "slug": "mlb-tb-kc-2026-07-01", "timestamp": "2026-07-01T23:38:35Z", "token_id": "69114849209690604338250675455738785620180463770409636087851434581080081233616", "transaction_hash": "0xc0ebf557979e1d25df11033f55d772947629d23df75e4ec901fd6478b30cd559"}, {"condition_id": "0x036b0c654502bb269410e8353735575a9203fc24acb8a321b6945c9d7ef7f25f", "id": "0x287d637a3234bc49f2fe72178ee2f58a1b5db3112f103324565ec5384c9210de_0x7233494df9288ebb5d24cecee9651e6400d69ac7af118547f41976afe2f22154", "outcome": "Kansas City Royals", "price": 0.42, "proxy_wallet": "0x5e9458202b5817a72cf81105ec8a30e6f3705ba1", "side": "BUY", "size": 526.85, "slug": "mlb-tb-kc-2026-07-01", "timestamp": "2026-07-01T23:38:34Z", "token_id": "69114849209690604338250675455738785620180463770409636087851434581080081233616", "transaction_hash": "0x287d637a3234bc49f2fe72178ee2f58a1b5db3112f103324565ec5384c9210de"}, {"condition_id": "0x036b0c654502bb269410e8353735575a9203fc24acb8a321b6945c9d7ef7f25f", "id": "0x69338ab689868d1904f1b378342e79bed1525f50c1ecc87083545aee3396b957_0x7233494df9288ebb5d24cecee9651e6400d69ac7af118547f41976afe2f22154", "outcome": "Kansas City Royals", "price": 0.42000000000000004, "proxy_wallet": "0x5e9458202b5817a72cf81105ec8a30e6f3705ba1", "side": "BUY", "size": 16.11, "slug": "mlb-tb-kc-2026-07-01", "timestamp": "2026-07-01T23:38:31Z", "token_id": "69114849209690604338250675455738785620180463770409636087851434581080081233616", "transaction_hash": "0x69338ab689868d1904f1b378342e79bed1525f50c1ecc87083545aee3396b957"}], "polled_at": "2026-07-02T01:50:20.122658+00:00"}