{"wallet": "0xd1ed12197b7dc22dede923727e9b714024dbd7cb", "total_trades_90d": 200, "mlb_trades_count": 42, "mlb_condition_ids": ["0x036b0c654502bb269410e8353735575a9203fc24acb8a321b6945c9d7ef7f25f", "0x04c736342b639e05fc4eb5512a7b46fec794e79c93a6c06b89e866fe70d15003", "0x2ffaa6fa79aee0af55a55d26d2b06ea2210d2b8c475ef64dabb946f20b3e2241", "0x503cc08c1fcff5bcca91d07c143e87b3bddd68566445851e93db965e6a1a122d", "0x600b08997c6fddf5bdb27e65a22b597801112c20845a6caad9406a8c81cba7e4", "0x694abc4a0ded092106a267f1ef0208734f72304618f0ef05983a662cf5c76a84", "0x7064b4bf253860b051624b34e4b58db0a05e63b08248c7f337407ea1ddcf58ae", "0x777a541c11b5bcad29527554face8fae16c9bd81d3db9ecfc15b8aa565f00b22", "0x837b796bb05855b5c76229f0e1ad786d8228ec8baed86f9bf8757bc5b4e5bba0", "0x84a221a1818f255df6dee1848285e45ec6c1a91a14f827c5bea5d432cdcd4848", "0x8a63ea42207833e1268a206ec522fc21fea1851398081b2aa33785efdb3aa8e2", "0x92d1554c56357d9c2a8e6c64f85258c07e78b75bb1adb3147d037a9ab8a479d5", "0x9fd1dc171c922192e9f1ca0df99f741f72d6aecacd9f8ad766c146f10158b8b0", "0xc53aeba4b42c33c25397e6df74ba82852a20deba676d9cf38ac1c71535e972b1", "0xc914b1455039d1c6d255982f542c22f6793f576d1c073d465e732992bd72ac04", "0xcc3f41af4b7ef6c7b399c1666801913d6b129594b261c84c1d1a838f4f76242a", "0xce897e6588e35ac64489ff74a05dec2c7c6eb4f68a04caffe669da3c829bc5a1", "0xfcc2b15ae649a287a8f0c9b77b3d9835f39ca7498af60cf718edf50a6cde60d7", "0xffcc16466bec36ad1a0d27106b53eaf338b4013c40fa6fdf446819e14318141d"], "mlb_trade_details": [{"condition_id": "0x7064b4bf253860b051624b34e4b58db0a05e63b08248c7f337407ea1ddcf58ae", "id": "0xe1e0b3a1fc94551356102ab69ff2f7f0dd657cac34c4ade0b99371d8b1b620d1_0xa71ba2cd7694d06973a88d2aa9e3b07f55645edad958e06fd71a8bf79fcbd764", "outcome": "Under", "price": 0.39999999999999997, "proxy_wallet": "0xd1ed12197b7dc22dede923727e9b714024dbd7cb", "side": "BUY", "size": 348, "slug": "mlb-cin-mil-2026-07-01-total-8pt5", "timestamp": "2026-07-02T01:48:22Z", "token_id": "14034056293003290822412670691955354195438862464347353479978248378415628909497", "transaction_hash": "0xe1e0b3a1fc94551356102ab69ff2f7f0dd657cac34c4ade0b99371d8b1b620d1"}, {"condition_id": "0xcc3f41af4b7ef6c7b399c1666801913d6b129594b261c84c1d1a838f4f76242a", "id": "0x3f82d810c4b07b92db5b9d7dec5a59892adf15a82785d30a4ab44540872f370a_0x04be87d08e7743606c7e4198505615b8a15b4150628b1e6b226c337e4faf243c", "outcome": "Los Angeles Dodgers", "price": 0.65, "proxy_wallet": "0xd1ed12197b7dc22dede923727e9b714024dbd7cb", "side": "BUY", "size": 555, "slug": "mlb-lad-oak-2026-07-01", "timestamp": "2026-07-02T01:46:13Z", "token_id": "34364758787567076832781692301433474029633009466854379285319411364305881038672", "transaction_hash": "0x3f82d810c4b07b92db5b9d7dec5a59892adf15a82785d30a4ab44540872f370a"}, {"condition_id": "0x036b0c654502bb269410e8353735575a9203fc24acb8a321b6945c9d7ef7f25f", "id": "0x324ec936c5956416fb2d386bc44e7a6e88fc14c8e4c8bebee887ee54dfcf3bbc_0xa44355b6de9215328107b0de5d5c8cff04b2c3ad74c3b387a942ba6ce5b1a2eb", "outcome": "Tampa Bay Rays", "price": 0.96, "proxy_wallet": "0xd1ed12197b7dc22dede923727e9b714024dbd7cb", "side": "BUY", "size": 100, "slug": "mlb-tb-kc-2026-07-01", "timestamp": "2026-07-02T01:38:26Z", "token_id": "40790751814144901788779780161768084552835822185953930666670964684954911865209", "transaction_hash": "0x324ec936c5956416fb2d386bc44e7a6e88fc14c8e4c8bebee887ee54dfcf3bbc"}, {"condition_id": "0xc53aeba4b42c33c25397e6df74ba82852a20deba676d9cf38ac1c71535e972b1", "id": "0xfbfc6b45523627a5da8529844c6a0a3ec91932ef8333d7595f182bf042842a11_0xdd01bcc4de99b8a53a223d08f50261fd434444477761ba83923cfdd92e68bf61", "outcome": "Over", "price": 0.4600000000000001, "proxy_wallet": "0xd1ed12197b7dc22dede923727e9b714024dbd7cb", "side": "BUY", "size": 9114.81, "slug": "mlb-tb-kc-2026-07-01-total-5pt5", "timestamp": "2026-07-02T01:35:02Z", "token_id": "47618594756992732460106314905145375019801373569449439144398142990176144890728", "transaction_hash": "0xfbfc6b45523627a5da8529844c6a0a3ec91932ef8333d7595f182bf042842a11"}, {"condition_id": "0xc53aeba4b42c33c25397e6df74ba82852a20deba676d9cf38ac1c71535e972b1", "id": "0x9d22b912aac9465e1e20d5e538f0930af3fb2c86e0aa541d9bc707298c3ba181_0x9e5ab0dca9f54aa892f60eb1d7e3a322cf03ef55efd975bd53bf1fc692d69486", "outcome": "Over", "price": 0.47, "proxy_wallet": "0xd1ed12197b7dc22dede923727e9b714024dbd7cb", "side": "BUY", "size": 5376, "slug": "mlb-tb-kc-2026-07-01-total-5pt5", "timestamp": "2026-07-02T01:35:02Z", "token_id": "47618594756992732460106314905145375019801373569449439144398142990176144890728", "transaction_hash": "0x9d22b912aac9465e1e20d5e538f0930af3fb2c86e0aa541d9bc707298c3ba181"}, {"condition_id": "0x600b08997c6fddf5bdb27e65a22b597801112c20845a6caad9406a8c81cba7e4", "id": "0x2682fca5f331218c3b9b9374d34322c91761333956b0da5bd4988f57a44a4276_0xae604a4dcb038398e2fd02a20d655338a71c28b8a28ab2060436c79bd57fcb04", "outcome": "Minnesota Twins", "price": 0.9, "proxy_wallet": "0xd1ed12197b7dc22dede923727e9b714024dbd7cb", "side": "BUY", "size": 66, "slug": "mlb-min-hou-2026-07-01-spread-home-1pt5", "timestamp": "2026-07-02T01:31:49Z", "token_id": "71012668054700972369294102168654859337905154941596835740023498672906887468193", "transaction_hash": "0x2682fca5f331218c3b9b9374d34322c91761333956b0da5bd4988f57a44a4276"}, {"condition_id": "0x694abc4a0ded092106a267f1ef0208734f72304618f0ef05983a662cf5c76a84", "id": "0x40ad50b9ae5aacf20d19aeaa8d9e77fd5da8ee9ea1b922042a8cc6dba62eeac2_0x0d16f587bd51c77db0b8667a7d4341999f713e2440fe6196f5d4ff59877604d1", "outcome": "Under", "price": 0.9800000000000001, "proxy_wallet": "0xd1ed12197b7dc22dede923727e9b714024dbd7cb", "side": "BUY", "size": 5, "slug": "mlb-stl-atl-2026-07-01-total-6pt5", "timestamp": "2026-07-02T01:31:38Z", "token_id": "39872248491329162503708576055873869841681587285930838419409866442314869944973", "transaction_hash": "0x40ad50b9ae5aacf20d19aeaa8d9e77fd5da8ee9ea1b922042a8cc6dba62eeac2"}, {"condition_id": "0x9fd1dc171c922192e9f1ca0df99f741f72d6aecacd9f8ad766c146f10158b8b0", "id": "0x216d0f5ca938c10e6f1aa75dfc9818b7922e6f2eac263d51c38b3dab25915cc7_0x7750c6d673bf3eba883cc8d909f2cdecf50a1dc0c128f9ea6f23b7e7c4f92af1", "outcome": "Miami Marlins", "price": 0.41000000000000003, "proxy_wallet": "0xd1ed12197b7dc22dede923727e9b714024dbd7cb", "side": "BUY", "size": 60, "slug": "mlb-mia-col-2026-07-01-spread-away-1pt5", "timestamp": "2026-07-02T01:30:17Z", "token_id": "1030326759213566879833789443578230929908870427788513665960650712694228479769", "transaction_hash": "0x216d0f5ca938c10e6f1aa75dfc9818b7922e6f2eac263d51c38b3dab25915cc7"}, {"condition_id": "0x036b0c654502bb269410e8353735575a9203fc24acb8a321b6945c9d7ef7f25f", "id": "0xb27421ff41e0a3d3729b076817a3bc15c4a49b6ae65551fbaa4b0e39afe8eaeb_0x9f1c528b0a0d8423da72fc426ae0c854f6463c226b6ca7d8afd62062f53e613f", "outcome": "Tampa Bay Rays", "price": 0.95, "proxy_wallet": "0xd1ed12197b7dc22dede923727e9b714024dbd7cb", "side": "BUY", "size": 5, "slug": "mlb-tb-kc-2026-07-01", "timestamp": "2026-07-02T01:24:25Z", "token_id": "40790751814144901788779780161768084552835822185953930666670964684954911865209", "transaction_hash": "0xb27421ff41e0a3d3729b076817a3bc15c4a49b6ae65551fbaa4b0e39afe8eaeb"}, {"condition_id": "0xce897e6588e35ac64489ff74a05dec2c7c6eb4f68a04caffe669da3c829bc5a1", "id": "0xaedb217a7d9f32144474765ae9f3c9e340c35b08484677d8ef68d909cbc694ab_0x14bcf4acfcf796c37f8ff960f9069325b494cd56c4f032754de5e33a2ec47b14", "outcome": "Atlanta Braves", "price": 0.9800000000000001, "proxy_wallet": "0xd1ed12197b7dc22dede923727e9b714024dbd7cb", "side": "BUY", "size": 5, "slug": "mlb-stl-atl-2026-07-01-spread-away-1pt5", "timestamp": "2026-07-02T01:23:47Z", "token_id": "18865834230561606906204002037806057313395049095876918476879878665094741785416", "transaction_hash": "0xaedb217a7d9f32144474765ae9f3c9e340c35b08484677d8ef68d909cbc694ab"}, {"condition_id": "0x036b0c654502bb269410e8353735575a9203fc24acb8a321b6945c9d7ef7f25f", "id": "0xe31bae27c643456021666030c65c8cc050773eb9b38f2c726080a846bf46855a_0x156518242bd98d9f0400379315d7ec8913c4e79253aa76b2964e3a97cf4a98de", "outcome": "Tampa Bay Rays", "price": 0.95, "proxy_wallet": "0xd1ed12197b7dc22dede923727e9b714024dbd7cb", "side": "BUY", "size": 88, "slug": "mlb-tb-kc-2026-07-01", "timestamp": "2026-07-02T01:23:23Z", "token_id": "40790751814144901788779780161768084552835822185953930666670964684954911865209", "transaction_hash": "0xe31bae27c643456021666030c65c8cc050773eb9b38f2c726080a846bf46855a"}, {"condition_id": "0x92d1554c56357d9c2a8e6c64f85258c07e78b75bb1adb3147d037a9ab8a479d5", "id": "0xf2f34c01e4f551856e256fff23cf6826685e292fc27bd0e394da6d95e4b1db5a_0x6c14a9a66f085f8d349bdd905bdf86dc11d345d62b151b20d82e36334c6708e5", "outcome": "Atlanta Braves", "price": 0.36000000000000004, "proxy_wallet": "0xd1ed12197b7dc22dede923727e9b714024dbd7cb", "side": "BUY", "size": 6, "slug": "mlb-stl-atl-2026-07-01-spread-home-1pt5", "timestamp": "2026-07-02T01:13:29Z", "token_id": "52507956534628300524877574983635116593874938833709694044649888884437437124226", "transaction_hash": "0xf2f34c01e4f551856e256fff23cf6826685e292fc27bd0e394da6d95e4b1db5a"}, {"condition_id": "0xfcc2b15ae649a287a8f0c9b77b3d9835f39ca7498af60cf718edf50a6cde60d7", "id": "0x20ef61a9dd19ded787778ad05b9742493ee1c10569066e85b4693d2c45a36c6a_0x664d128ddba907d91edbc7f287bb1c98e316fcf877c7925587574be2e4d2618e", "outcome": "Over", "price": 0.04, "proxy_wallet": "0xd1ed12197b7dc22dede923727e9b714024dbd7cb", "side": "BUY", "size": 17.78, "slug": "mlb-stl-atl-2026-07-01-total-9pt5", "timestamp": "2026-07-02T01:12:17Z", "token_id": "9396643672300637169501436398194017586653898520312300033422368347503654286279", "transaction_hash": "0x20ef61a9dd19ded787778ad05b9742493ee1c10569066e85b4693d2c45a36c6a"}, {"condition_id": "0x503cc08c1fcff5bcca91d07c143e87b3bddd68566445851e93db965e6a1a122d", "id": "0x2501fb16f793973da89c0290cb6bc004421c19e7583ac27a14733f13a8f203e9_0xe1de4f8312fadd21c3b6d708c723105c6160a3c2ab60dcfda28b1ac7fbbe9586", "outcome": "Miami Marlins", "price": 0.44, "proxy_wallet": "0xd1ed12197b7dc22dede923727e9b714024dbd7cb", "side": "BUY", "size": 3.72, "slug": "mlb-mia-col-2026-07-01", "timestamp": "2026-07-02T01:08:46Z", "token_id": "70456539982031185821545367467561496403366411785803404614583891714944753086599", "transaction_hash": "0x2501fb16f793973da89c0290cb6bc004421c19e7583ac27a14733f13a8f203e9"}, {"condition_id": "0x2ffaa6fa79aee0af55a55d26d2b06ea2210d2b8c475ef64dabb946f20b3e2241", "id": "0x423516f2cdc57a75e67d56f1639460b985bc0c34110f1928d0e8859d8ec9b876_0xbd73cd43c719251411412b40f0485f65cdcaf413915dee5aec68d766a5236654", "outcome": "Under", "price": 0.39, "proxy_wallet": "0xd1ed12197b7dc22dede923727e9b714024dbd7cb", "side": "BUY", "size": 53, "slug": "mlb-cin-mil-2026-07-01-total-10pt5", "timestamp": "2026-07-02T01:05:31Z", "token_id": "15925463038467574421116793444412532821137365555107681374107472108103283129242", "transaction_hash": "0x423516f2cdc57a75e67d56f1639460b985bc0c34110f1928d0e8859d8ec9b876"}, {"condition_id": "0x036b0c654502bb269410e8353735575a9203fc24acb8a321b6945c9d7ef7f25f", "id": "0xd7c58e75c472f5f772489e89527a8d88175995d7296d39028a6df7f0793b0cb6_0x24482aab8d1f450880aa429034ebf2f0ad7f3bf8000384b493b356fc8dd72a8b", "outcome": "Tampa Bay Rays", "price": 0.8195174486558691, "proxy_wallet": "0xd1ed12197b7dc22dede923727e9b714024dbd7cb", "side": "BUY", "size": 119.78, "slug": "mlb-tb-kc-2026-07-01", "timestamp": "2026-07-02T00:48:40Z", "token_id": "40790751814144901788779780161768084552835822185953930666670964684954911865209", "transaction_hash": "0xd7c58e75c472f5f772489e89527a8d88175995d7296d39028a6df7f0793b0cb6"}, {"condition_id": "0x036b0c654502bb269410e8353735575a9203fc24acb8a321b6945c9d7ef7f25f", "id": "0x04b11efcbb5d10409bc71db383512a25419397bf750e65dee415fbe34d46dca3_0x391e54fe336df187bfd2367629de2b8385cc9c3bc520e394b2f0641d8dd2ffeb", "outcome": "Tampa Bay Rays", "price": 0.85, "proxy_wallet": "0xd1ed12197b7dc22dede923727e9b714024dbd7cb", "side": "BUY", "size": 43.76, "slug": "mlb-tb-kc-2026-07-01", "timestamp": "2026-07-02T00:48:40Z", "token_id": "40790751814144901788779780161768084552835822185953930666670964684954911865209", "transaction_hash": "0x04b11efcbb5d10409bc71db383512a25419397bf750e65dee415fbe34d46dca3"}, {"condition_id": "0xffcc16466bec36ad1a0d27106b53eaf338b4013c40fa6fdf446819e14318141d", "id": "0x238ce6ccec70eafc4a2abcf33f60b8bd0fa39c072aabf036e356898e980c9847_0x784cfc90cef8669f1034e5bb060de78a336031daa2e07d8c62fb9c25ca1d826a", "outcome": "Cincinnati Reds", "price": 0.29000000000000004, "proxy_wallet": "0xd1ed12197b7dc22dede923727e9b714024dbd7cb", "side": "BUY", "size": 5123, "slug": "mlb-cin-mil-2026-07-01", "timestamp": "2026-07-02T00:34:56Z", "token_id": "113358608150512001269864923288418646714914260349596543233339365306930097854218", "transaction_hash": "0x238ce6ccec70eafc4a2abcf33f60b8bd0fa39c072aabf036e356898e980c9847"}, {"condition_id": "0xffcc16466bec36ad1a0d27106b53eaf338b4013c40fa6fdf446819e14318141d", "id": "0xa5a9a4741cf2d7a7b875fab8c11602b92c08d59bcbc89cce7fc43dde4ea5bc4d_0x26b8c7a3878e9e989d49680847165362fea8193f7fbc6fccf19140eb8f7e1f30", "outcome": "Cincinnati Reds", "price": 0.29, "proxy_wallet": "0xd1ed12197b7dc22dede923727e9b714024dbd7cb", "side": "BUY", "size": 1491, "slug": "mlb-cin-mil-2026-07-01", "timestamp": "2026-07-02T00:34:56Z", "token_id": "113358608150512001269864923288418646714914260349596543233339365306930097854218", "transaction_hash": "0xa5a9a4741cf2d7a7b875fab8c11602b92c08d59bcbc89cce7fc43dde4ea5bc4d"}, {"condition_id": "0xffcc16466bec36ad1a0d27106b53eaf338b4013c40fa6fdf446819e14318141d", "id": "0xa6045046b9299aaec3cb61096812987a081bea3f56881729681aa4e64ed8c63d_0x8e3608190d27f6270de8720c7b378977a6a2c13fb88f38a6ec8c371c115e624f", "outcome": "Milwaukee Brewers", "price": 0.78, "proxy_wallet": "0xd1ed12197b7dc22dede923727e9b714024dbd7cb", "side": "BUY", "size": 10, "slug": "mlb-cin-mil-2026-07-01", "timestamp": "2026-07-02T00:25:47Z", "token_id": "19711007897046031044579594275312405944771254350980802153302868685653200183646", "transaction_hash": "0xa6045046b9299aaec3cb61096812987a081bea3f56881729681aa4e64ed8c63d"}, {"condition_id": "0xffcc16466bec36ad1a0d27106b53eaf338b4013c40fa6fdf446819e14318141d", "id": "0x39032f715fbd85718c0d837897d8a4e5ce5e66ee9f804cdbede59413fdf94e71_0x84782d3af7502ae0b3cf6076f32bcca97516f3a65b91b59f746322b3f96f6c49", "outcome": "Milwaukee Brewers", "price": 0.7799999999999999, "proxy_wallet": "0xd1ed12197b7dc22dede923727e9b714024dbd7cb", "side": "BUY", "size": 9, "slug": "mlb-cin-mil-2026-07-01", "timestamp": "2026-07-02T00:25:47Z", "token_id": "19711007897046031044579594275312405944771254350980802153302868685653200183646", "transaction_hash": "0x39032f715fbd85718c0d837897d8a4e5ce5e66ee9f804cdbede59413fdf94e71"}, {"condition_id": "0xffcc16466bec36ad1a0d27106b53eaf338b4013c40fa6fdf446819e14318141d", "id": "0x6390d28199795411d0f4be0dce75904e59abcce220796d2332ec51ce085d08de_0xbc1da7b6768cd9a5552d53b651fef69613b9135da14a25d59e32c2d02b47e55f", "outcome": "Milwaukee Brewers", "price": 0.74, "proxy_wallet": "0xd1ed12197b7dc22dede923727e9b714024dbd7cb", "side": "BUY", "size": 7, "slug": "mlb-cin-mil-2026-07-01", "timestamp": "2026-07-02T00:25:47Z", "token_id": "19711007897046031044579594275312405944771254350980802153302868685653200183646", "transaction_hash": "0x6390d28199795411d0f4be0dce75904e59abcce220796d2332ec51ce085d08de"}, {"condition_id": "0xffcc16466bec36ad1a0d27106b53eaf338b4013c40fa6fdf446819e14318141d", "id": "0xa0881f024fe0c48abe52efd02a38f21d0f0b11134271aca2e0b8bbe3592b8f15_0x9971a404ddc40af67acc586684688c4de96610a870543b654191042f12fca5ea", "outcome": "Milwaukee Brewers", "price": 0.78, "proxy_wallet": "0xd1ed12197b7dc22dede923727e9b714024dbd7cb", "side": "BUY", "size": 5, "slug": "mlb-cin-mil-2026-07-01", "timestamp": "2026-07-02T00:25:46Z", "token_id": "19711007897046031044579594275312405944771254350980802153302868685653200183646", "transaction_hash": "0xa0881f024fe0c48abe52efd02a38f21d0f0b11134271aca2e0b8bbe3592b8f15"}, {"condition_id": "0xffcc16466bec36ad1a0d27106b53eaf338b4013c40fa6fdf446819e14318141d", "id": "0x1df87f17409691afb9cbeb32ef6f3f86be2f80ded6e30321a0b47e87e1d369ce_0x3eb69073879008a6ae31e5e44d46b9342233c924178c19645f67dcfa2fb5ac71", "outcome": "Milwaukee Brewers", "price": 0.77, "proxy_wallet": "0xd1ed12197b7dc22dede923727e9b714024dbd7cb", "side": "BUY", "size": 44.88, "slug": "mlb-cin-mil-2026-07-01", "timestamp": "2026-07-02T00:25:46Z", "token_id": "19711007897046031044579594275312405944771254350980802153302868685653200183646", "transaction_hash": "0x1df87f17409691afb9cbeb32ef6f3f86be2f80ded6e30321a0b47e87e1d369ce"}, {"condition_id": "0xffcc16466bec36ad1a0d27106b53eaf338b4013c40fa6fdf446819e14318141d", "id": "0xd50aa00dbcfe2a09f68ee5bd05a614d75c542628c7745e628320af356b3740b5_0x3eb69073879008a6ae31e5e44d46b9342233c924178c19645f67dcfa2fb5ac71", "outcome": "Milwaukee Brewers", "price": 0.7700000544333386, "proxy_wallet": "0xd1ed12197b7dc22dede923727e9b714024dbd7cb", "side": "BUY", "size": 13.043477, "slug": "mlb-cin-mil-2026-07-01", "timestamp": "2026-07-02T00:25:46Z", "token_id": "19711007897046031044579594275312405944771254350980802153302868685653200183646", "transaction_hash": "0xd50aa00dbcfe2a09f68ee5bd05a614d75c542628c7745e628320af356b3740b5"}, {"condition_id": "0xffcc16466bec36ad1a0d27106b53eaf338b4013c40fa6fdf446819e14318141d", "id": "0xc568db460254e84c5a57015d8482562cb47d5bdbd8a13fd7ea578e74124bbf5f_0xfe4c134d45eda20428d4429303a33f760e86d769399f12307eae7f031ede16b1", "outcome": "Milwaukee Brewers", "price": 0.78, "proxy_wallet": "0xd1ed12197b7dc22dede923727e9b714024dbd7cb", "side": "BUY", "size": 53, "slug": "mlb-cin-mil-2026-07-01", "timestamp": "2026-07-02T00:25:44Z", "token_id": "19711007897046031044579594275312405944771254350980802153302868685653200183646", "transaction_hash": "0xc568db460254e84c5a57015d8482562cb47d5bdbd8a13fd7ea578e74124bbf5f"}, {"condition_id": "0x8a63ea42207833e1268a206ec522fc21fea1851398081b2aa33785efdb3aa8e2", "id": "0xf5f470dbdc70aeb3828c062bc9322cf1f79b1e66454ff7be840ef16922c13a75_0xdf36d03b80100b2e72f519b52ba87d2f29d39e30dc95d398a3e39f4c7d9a7ab5", "outcome": "Philadelphia Phillies", "price": 0.58, "proxy_wallet": "0xd1ed12197b7dc22dede923727e9b714024dbd7cb", "side": "BUY", "size": 7425, "slug": "mlb-pit-phi-2026-07-01-spread-home-3pt5", "timestamp": "2026-07-02T00:24:28Z", "token_id": "64112743493734570307091651537321036650337766705896391804836588921503326017378", "transaction_hash": "0xf5f470dbdc70aeb3828c062bc9322cf1f79b1e66454ff7be840ef16922c13a75"}, {"condition_id": "0x04c736342b639e05fc4eb5512a7b46fec794e79c93a6c06b89e866fe70d15003", "id": "0x8583b7619e8d1a408c127b9d3dc3dd10fc475265ba1985847811ede236e0c9dc_0xa97cc263bc531bb03a7f552abc3dd59ded0ff7c320704c47b1754d3c45c54147", "outcome": "Pittsburgh Pirates", "price": 0.06, "proxy_wallet": "0xd1ed12197b7dc22dede923727e9b714024dbd7cb", "side": "BUY", "size": 172.33, "slug": "mlb-pit-phi-2026-07-01", "timestamp": "2026-07-02T00:21:55Z", "token_id": "11562383647728491295498784192606069157753932455838420463713222976619310305836", "transaction_hash": "0x8583b7619e8d1a408c127b9d3dc3dd10fc475265ba1985847811ede236e0c9dc"}, {"condition_id": "0xc914b1455039d1c6d255982f542c22f6793f576d1c073d465e732992bd72ac04", "id": "0x17bfccca07157bb51e111a4894bdac376fda1b84d7ace2580f73f240deeb32f7_0x7c74cff6ce67a3018a76c0500217b02ba712f88f01bc62c50cd714540399d451", "outcome": "Kansas City Royals", "price": 0.36, "proxy_wallet": "0xd1ed12197b7dc22dede923727e9b714024dbd7cb", "side": "BUY", "size": 5, "slug": "mlb-tb-kc-2026-07-01-spread-away-1pt5", "timestamp": "2026-07-02T00:17:05Z", "token_id": "7225121441388963936884199336668789727281626506518188264345709913372122271098", "transaction_hash": "0x17bfccca07157bb51e111a4894bdac376fda1b84d7ace2580f73f240deeb32f7"}, {"condition_id": "0xc914b1455039d1c6d255982f542c22f6793f576d1c073d465e732992bd72ac04", "id": "0x3b2111a390c68bff0ee005c1da4c1f3419444bcc8b61833cdd371c87f993a3e9_0x96344d0c84d23226453e58b7ffaa79b35d400a1998d3dbea9c5c817482bda5c8", "outcome": "Kansas City Royals", "price": 0.36, "proxy_wallet": "0xd1ed12197b7dc22dede923727e9b714024dbd7cb", "side": "BUY", "size": 5, "slug": "mlb-tb-kc-2026-07-01-spread-away-1pt5", "timestamp": "2026-07-02T00:17:05Z", "token_id": "7225121441388963936884199336668789727281626506518188264345709913372122271098", "transaction_hash": "0x3b2111a390c68bff0ee005c1da4c1f3419444bcc8b61833cdd371c87f993a3e9"}, {"condition_id": "0x04c736342b639e05fc4eb5512a7b46fec794e79c93a6c06b89e866fe70d15003", "id": "0x6db2f497e36212c6a92411394788a8d8cd5e1a5ab8cebb53a0bd544b8ea0bb0a_0xb8e9775ae19fe5474a21d0e5de5c978a286f9d7186e61f5478c221c728b24dea", "outcome": "Philadelphia Phillies", "price": 0.9499999999999998, "proxy_wallet": "0xd1ed12197b7dc22dede923727e9b714024dbd7cb", "side": "BUY", "size": 88.62, "slug": "mlb-pit-phi-2026-07-01", "timestamp": "2026-07-02T00:04:31Z", "token_id": "43437286804327642558294165368901345641980025690619789279608914488234283546155", "transaction_hash": "0x6db2f497e36212c6a92411394788a8d8cd5e1a5ab8cebb53a0bd544b8ea0bb0a"}, {"condition_id": "0x04c736342b639e05fc4eb5512a7b46fec794e79c93a6c06b89e866fe70d15003", "id": "0xf07bd11d5d949eb03f37b36a70e03071f8ae5f963b04871b4a78f8f604307959_0x66207a4e79c0c66770081f55b408c9312984bdbc6a6b43b91773589a767e5232", "outcome": "Philadelphia Phillies", "price": 0.9400000000000001, "proxy_wallet": "0xd1ed12197b7dc22dede923727e9b714024dbd7cb", "side": "BUY", "size": 15.1, "slug": "mlb-pit-phi-2026-07-01", "timestamp": "2026-07-02T00:04:20Z", "token_id": "43437286804327642558294165368901345641980025690619789279608914488234283546155", "transaction_hash": "0xf07bd11d5d949eb03f37b36a70e03071f8ae5f963b04871b4a78f8f604307959"}, {"condition_id": "0x84a221a1818f255df6dee1848285e45ec6c1a91a14f827c5bea5d432cdcd4848", "id": "0x940658e803c4273ee850b3eee122b3935d8f3443204d6bdac82354682f77cb09_0x88c2978f55e447753993deeae23baebc10781cae26a7cef98505624565a25324", "outcome": "Atlanta Braves", "price": 0.6035, "proxy_wallet": "0xd1ed12197b7dc22dede923727e9b714024dbd7cb", "side": "BUY", "size": 100, "slug": "mlb-stl-atl-2026-07-01", "timestamp": "2026-07-02T00:00:04Z", "token_id": "107405328512889721318534942028018733553421297558008159176285236583622916438853", "transaction_hash": "0x940658e803c4273ee850b3eee122b3935d8f3443204d6bdac82354682f77cb09"}, {"condition_id": "0x837b796bb05855b5c76229f0e1ad786d8228ec8baed86f9bf8757bc5b4e5bba0", "id": "0x91696604efbe820682c148fdc8d2ca6caafda837600017897896a39fa649d009_0xf6203fe3c249d83a87756b764114f58eb6511c4a357d4f7751826eb4b71fcde3", "outcome": "Under", "price": 0.41, "proxy_wallet": "0xd1ed12197b7dc22dede923727e9b714024dbd7cb", "side": "BUY", "size": 5, "slug": "mlb-tb-kc-2026-07-01-total-10pt5", "timestamp": "2026-07-01T23:58:31Z", "token_id": "70799338086102424920583826478555137768165919153263997455028782173792959322426", "transaction_hash": "0x91696604efbe820682c148fdc8d2ca6caafda837600017897896a39fa649d009"}, {"condition_id": "0x04c736342b639e05fc4eb5512a7b46fec794e79c93a6c06b89e866fe70d15003", "id": "0xb21c1e41d565f7a855a820afae0eca7bbc45c8fad3b5215798d708dc90a21974_0xeb3e00bda02950bc1d192eb8c3179a6384178bdb0bd09227e9db1689c33dba7a", "outcome": "Pittsburgh Pirates", "price": 0.14, "proxy_wallet": "0xd1ed12197b7dc22dede923727e9b714024dbd7cb", "side": "BUY", "size": 273.56, "slug": "mlb-pit-phi-2026-07-01", "timestamp": "2026-07-01T23:49:04Z", "token_id": "11562383647728491295498784192606069157753932455838420463713222976619310305836", "transaction_hash": "0xb21c1e41d565f7a855a820afae0eca7bbc45c8fad3b5215798d708dc90a21974"}, {"condition_id": "0x777a541c11b5bcad29527554face8fae16c9bd81d3db9ecfc15b8aa565f00b22", "id": "0x3fa1c91263ffb170e7e159f14aaa05f3dfc0ee533060864809d3a81bedaf3a5b_0x6ba87fa1ec6a132a20b6c17784b5b6669902657837ee24bea0379bf05c351ab1", "outcome": "Pittsburgh Pirates", "price": 0.21000000000000002, "proxy_wallet": "0xd1ed12197b7dc22dede923727e9b714024dbd7cb", "side": "BUY", "size": 5, "slug": "mlb-pit-phi-2026-07-01-spread-home-1pt5", "timestamp": "2026-07-01T23:47:43Z", "token_id": "4687484709316339409509334865521790203654325989828462882152857149136175735994", "transaction_hash": "0x3fa1c91263ffb170e7e159f14aaa05f3dfc0ee533060864809d3a81bedaf3a5b"}, {"condition_id": "0x92d1554c56357d9c2a8e6c64f85258c07e78b75bb1adb3147d037a9ab8a479d5", "id": "0xc7818307f3e3c412dca12852a21c9b50583fb9c2dc9406bb8a0e49e148279667_0x3d6cf7bd1a879a05c555d7978fef0e19f9441b87a6ca9a32c6a57df3a433f318", "outcome": "Atlanta Braves", "price": 0.35, "proxy_wallet": "0xd1ed12197b7dc22dede923727e9b714024dbd7cb", "side": "BUY", "size": 5, "slug": "mlb-stl-atl-2026-07-01-spread-home-1pt5", "timestamp": "2026-07-01T23:46:20Z", "token_id": "52507956534628300524877574983635116593874938833709694044649888884437437124226", "transaction_hash": "0xc7818307f3e3c412dca12852a21c9b50583fb9c2dc9406bb8a0e49e148279667"}, {"condition_id": "0x04c736342b639e05fc4eb5512a7b46fec794e79c93a6c06b89e866fe70d15003", "id": "0x8df257fb299dcfdce28a2529279ca318efafd96961ad21f1f5557cd08a90dad7_0xd0d104712dbb220942f0968eb6d3ff9c065b00c4787dca2da6a151829d974f52", "outcome": "Pittsburgh Pirates", "price": 0.13, "proxy_wallet": "0xd1ed12197b7dc22dede923727e9b714024dbd7cb", "side": "BUY", "size": 60, "slug": "mlb-pit-phi-2026-07-01", "timestamp": "2026-07-01T23:32:11Z", "token_id": "11562383647728491295498784192606069157753932455838420463713222976619310305836", "transaction_hash": "0x8df257fb299dcfdce28a2529279ca318efafd96961ad21f1f5557cd08a90dad7"}, {"condition_id": "0x84a221a1818f255df6dee1848285e45ec6c1a91a14f827c5bea5d432cdcd4848", "id": "0xa591ea1a3b81e6eefef7f9565f342d48b715405cd64270b0b18298e4b3678339_0x7deb9bd0d4b4d58aeb3c81facafddc02ea94c43bf4efb40ff571a908270c774f", "outcome": "Atlanta Braves", "price": 0.5587500000000001, "proxy_wallet": "0xd1ed12197b7dc22dede923727e9b714024dbd7cb", "side": "BUY", "size": 40, "slug": "mlb-stl-atl-2026-07-01", "timestamp": "2026-07-01T23:26:32Z", "token_id": "107405328512889721318534942028018733553421297558008159176285236583622916438853", "transaction_hash": "0xa591ea1a3b81e6eefef7f9565f342d48b715405cd64270b0b18298e4b3678339"}, {"condition_id": "0x04c736342b639e05fc4eb5512a7b46fec794e79c93a6c06b89e866fe70d15003", "id": "0xce96ead8ee52b6043f3d11e4a1dbde5582b824f8cf25d4a4bc84655f5dc3ed95_0x81d608fba24840e52c0d866fcc1ec20c0ed547126f72988a74878364a96a4364", "outcome": "Pittsburgh Pirates", "price": 0.060000000000000005, "proxy_wallet": "0xd1ed12197b7dc22dede923727e9b714024dbd7cb", "side": "BUY", "size": 9.52, "slug": "mlb-pit-phi-2026-07-01", "timestamp": "2026-07-01T23:26:13Z", "token_id": "11562383647728491295498784192606069157753932455838420463713222976619310305836", "transaction_hash": "0xce96ead8ee52b6043f3d11e4a1dbde5582b824f8cf25d4a4bc84655f5dc3ed95"}, {"condition_id": "0x04c736342b639e05fc4eb5512a7b46fec794e79c93a6c06b89e866fe70d15003", "id": "0x567a29846d2139d722b08a32d63c782b7eeb5c0dde05a31e1556fe9c6bb92c89_0x26664934a9606443d004dc4a8ec06c44520ce35fbcf70dcfbc85e47943b51bf6", "outcome": "Philadelphia Phillies", "price": 0.8200000000000001, "proxy_wallet": "0xd1ed12197b7dc22dede923727e9b714024dbd7cb", "side": "BUY", "size": 58.81, "slug": "mlb-pit-phi-2026-07-01", "timestamp": "2026-07-01T23:18:43Z", "token_id": "43437286804327642558294165368901345641980025690619789279608914488234283546155", "transaction_hash": "0x567a29846d2139d722b08a32d63c782b7eeb5c0dde05a31e1556fe9c6bb92c89"}, {"condition_id": "0x777a541c11b5bcad29527554face8fae16c9bd81d3db9ecfc15b8aa565f00b22", "id": "0x17dff5701810c4766e55bf900f9010f6c3d72e4ee88d6a9d3f76c52ad494cbf5_0xf14a1d21de43f62d11dd84f6518173e2a3b16ff6ebffaa423143699de261f79c", "outcome": "Pittsburgh Pirates", "price": 0.6, "proxy_wallet": "0xd1ed12197b7dc22dede923727e9b714024dbd7cb", "side": "BUY", "size": 11.22, "slug": "mlb-pit-phi-2026-07-01-spread-home-1pt5", "timestamp": "2026-07-01T23:01:47Z", "token_id": "4687484709316339409509334865521790203654325989828462882152857149136175735994", "transaction_hash": "0x17dff5701810c4766e55bf900f9010f6c3d72e4ee88d6a9d3f76c52ad494cbf5"}], "polled_at": "2026-07-02T01:49:26.018266+00:00"}