{"wallet": "0xc0f89d4e30b3ab40ab1f1979ebdcf8a02c39ae2e", "total_trades_90d": 200, "mlb_trades_count": 12, "mlb_condition_ids": ["0xa360eaa217ebf14190e577500c9d601dcabfe5da09acf5c91a2fe76f24e55722"], "mlb_trade_details": [{"condition_id": "0xa360eaa217ebf14190e577500c9d601dcabfe5da09acf5c91a2fe76f24e55722", "id": "0xaf9f69563e0093552f793578ed042891cd54ad1b26aaff42a47f99820d3d3e64_0x2953f61e1ff1e34b5881e901cfcc9809c4500a5765f16e5170d69f664f13cb7b", "outcome": "Over", "price": 0.5, "proxy_wallet": "0xc0f89d4e30b3ab40ab1f1979ebdcf8a02c39ae2e", "side": "BUY", "size": 20, "slug": "mlb-det-nyy-2026-07-01-f5-total-4pt5", "timestamp": "2026-06-30T22:46:46Z", "token_id": "113662308438402556316493507758387143725247475141011782908421052818425503634136", "transaction_hash": "0xaf9f69563e0093552f793578ed042891cd54ad1b26aaff42a47f99820d3d3e64"}, {"condition_id": "0xa360eaa217ebf14190e577500c9d601dcabfe5da09acf5c91a2fe76f24e55722", "id": "0xcfbb053ea5f21a5724981e31390ec9c12170775f8682039ee6712bb05ee18a64_0xa19a58b62761c854a37dccd3cf7ce2ceca4cfc23f43691e4ea5689ea90edd080", "outcome": "Over", "price": 0.5175, "proxy_wallet": "0xc0f89d4e30b3ab40ab1f1979ebdcf8a02c39ae2e", "side": "BUY", "size": 40, "slug": "mlb-det-nyy-2026-07-01-f5-total-4pt5", "timestamp": "2026-06-30T22:46:32Z", "token_id": "113662308438402556316493507758387143725247475141011782908421052818425503634136", "transaction_hash": "0xcfbb053ea5f21a5724981e31390ec9c12170775f8682039ee6712bb05ee18a64"}, {"condition_id": "0xa360eaa217ebf14190e577500c9d601dcabfe5da09acf5c91a2fe76f24e55722", "id": "0x76194dcaa444eb28f3caff4e4ec1c1fbe681fe45f118ce4e592bfcffda90dc91_0xa3b2b861b67d8367be80716e848065241ea5f841cdfafe6d77253f9f9d615a80", "outcome": "Over", "price": 0.49000000000000005, "proxy_wallet": "0xc0f89d4e30b3ab40ab1f1979ebdcf8a02c39ae2e", "side": "BUY", "size": 10, "slug": "mlb-det-nyy-2026-07-01-f5-total-4pt5", "timestamp": "2026-06-30T22:46:23Z", "token_id": "113662308438402556316493507758387143725247475141011782908421052818425503634136", "transaction_hash": "0x76194dcaa444eb28f3caff4e4ec1c1fbe681fe45f118ce4e592bfcffda90dc91"}, {"condition_id": "0xa360eaa217ebf14190e577500c9d601dcabfe5da09acf5c91a2fe76f24e55722", "id": "0x664e56c4a532c0e89f885c66c2ad8e8dec087dca24b8446ba0fa089a536a2bf7_0x5e1aeae817496d784fce8f2f59ee6060068ae7fa8f4c80c250c0f70726869761", "outcome": "Over", "price": 0.49000000000000005, "proxy_wallet": "0xc0f89d4e30b3ab40ab1f1979ebdcf8a02c39ae2e", "side": "BUY", "size": 10, "slug": "mlb-det-nyy-2026-07-01-f5-total-4pt5", "timestamp": "2026-06-30T22:46:13Z", "token_id": "113662308438402556316493507758387143725247475141011782908421052818425503634136", "transaction_hash": "0x664e56c4a532c0e89f885c66c2ad8e8dec087dca24b8446ba0fa089a536a2bf7"}, {"condition_id": "0xa360eaa217ebf14190e577500c9d601dcabfe5da09acf5c91a2fe76f24e55722", "id": "0xf5650c6bf95cf807a908fc9ded24a78d8fc7c12d7c891a806c354fd3640d8bb4_0x014b6fd366eec14937f4dc6a679c846475bdd8fc3e68a25282466b89b7a884e8", "outcome": "Over", "price": 0.5175, "proxy_wallet": "0xc0f89d4e30b3ab40ab1f1979ebdcf8a02c39ae2e", "side": "BUY", "size": 40, "slug": "mlb-det-nyy-2026-07-01-f5-total-4pt5", "timestamp": "2026-06-30T22:46:07Z", "token_id": "113662308438402556316493507758387143725247475141011782908421052818425503634136", "transaction_hash": "0xf5650c6bf95cf807a908fc9ded24a78d8fc7c12d7c891a806c354fd3640d8bb4"}, {"condition_id": "0xa360eaa217ebf14190e577500c9d601dcabfe5da09acf5c91a2fe76f24e55722", "id": "0xf61882e062077b3edb0bd8b6271615993f6dd6ae96c6c88540bc8a6283b9df9a_0x1ecbf1dc08fba0f4bf24d2376f108abc84e948c11825b6bf425aaebde840399f", "outcome": "Over", "price": 0.5025000000000001, "proxy_wallet": "0xc0f89d4e30b3ab40ab1f1979ebdcf8a02c39ae2e", "side": "BUY", "size": 40, "slug": "mlb-det-nyy-2026-07-01-f5-total-4pt5", "timestamp": "2026-06-30T22:45:55Z", "token_id": "113662308438402556316493507758387143725247475141011782908421052818425503634136", "transaction_hash": "0xf61882e062077b3edb0bd8b6271615993f6dd6ae96c6c88540bc8a6283b9df9a"}, {"condition_id": "0xa360eaa217ebf14190e577500c9d601dcabfe5da09acf5c91a2fe76f24e55722", "id": "0xcfe0ea6e44f2d73465ad63186f0d4e729eb84bd7c227cd518557d9c1eb6a384c_0x78e52ea695ce87c0ba754fc001524d695d827677eabe27905f4cb8d45f766938", "outcome": "Over", "price": 0.49000000000000005, "proxy_wallet": "0xc0f89d4e30b3ab40ab1f1979ebdcf8a02c39ae2e", "side": "BUY", "size": 10, "slug": "mlb-det-nyy-2026-07-01-f5-total-4pt5", "timestamp": "2026-06-30T22:45:50Z", "token_id": "113662308438402556316493507758387143725247475141011782908421052818425503634136", "transaction_hash": "0xcfe0ea6e44f2d73465ad63186f0d4e729eb84bd7c227cd518557d9c1eb6a384c"}, {"condition_id": "0xa360eaa217ebf14190e577500c9d601dcabfe5da09acf5c91a2fe76f24e55722", "id": "0x4c6991d8cfb271b05332cd17cfabdf5d7968d2b3a087d59b59295ef78f953e76_0x3db8ef74526f0ce22063edaf92d4ca444df00934a916c8cd89652c932aeb6408", "outcome": "Over", "price": 0.51, "proxy_wallet": "0xc0f89d4e30b3ab40ab1f1979ebdcf8a02c39ae2e", "side": "BUY", "size": 30, "slug": "mlb-det-nyy-2026-07-01-f5-total-4pt5", "timestamp": "2026-06-30T22:45:40Z", "token_id": "113662308438402556316493507758387143725247475141011782908421052818425503634136", "transaction_hash": "0x4c6991d8cfb271b05332cd17cfabdf5d7968d2b3a087d59b59295ef78f953e76"}, {"condition_id": "0xa360eaa217ebf14190e577500c9d601dcabfe5da09acf5c91a2fe76f24e55722", "id": "0xac6ec3aa13d5efaf040fb08dae9891abb5c2c4c56d21a67170e158f5312f6326_0x89546cd1aff0b50cada7f6ea1bd8c627fbe3d6cb546ee993a3c3d369263f5a20", "outcome": "Over", "price": 0.51, "proxy_wallet": "0xc0f89d4e30b3ab40ab1f1979ebdcf8a02c39ae2e", "side": "BUY", "size": 30, "slug": "mlb-det-nyy-2026-07-01-f5-total-4pt5", "timestamp": "2026-06-30T22:45:28Z", "token_id": "113662308438402556316493507758387143725247475141011782908421052818425503634136", "transaction_hash": "0xac6ec3aa13d5efaf040fb08dae9891abb5c2c4c56d21a67170e158f5312f6326"}, {"condition_id": "0xa360eaa217ebf14190e577500c9d601dcabfe5da09acf5c91a2fe76f24e55722", "id": "0x7c12fc2eb8f13c77d989caf52092f4dd43085038365b1e3ac86102664c50aa21_0xa40f1069ff4b65f457d7b3ed5cc68d8af1a519746298ef3fcf2060be1a825007", "outcome": "Over", "price": 0.51, "proxy_wallet": "0xc0f89d4e30b3ab40ab1f1979ebdcf8a02c39ae2e", "side": "BUY", "size": 30, "slug": "mlb-det-nyy-2026-07-01-f5-total-4pt5", "timestamp": "2026-06-30T22:45:05Z", "token_id": "113662308438402556316493507758387143725247475141011782908421052818425503634136", "transaction_hash": "0x7c12fc2eb8f13c77d989caf52092f4dd43085038365b1e3ac86102664c50aa21"}, {"condition_id": "0xa360eaa217ebf14190e577500c9d601dcabfe5da09acf5c91a2fe76f24e55722", "id": "0x945ca40f6a2c9870f4012595d9f0f87841bf0a82d1fb7adf1fcc82a6f2359077_0x869ed24001ddca29beb61c579d48d849dadc033afd4759340d3704954fd15363", "outcome": "Over", "price": 0.51, "proxy_wallet": "0xc0f89d4e30b3ab40ab1f1979ebdcf8a02c39ae2e", "side": "BUY", "size": 30, "slug": "mlb-det-nyy-2026-07-01-f5-total-4pt5", "timestamp": "2026-06-30T22:44:22Z", "token_id": "113662308438402556316493507758387143725247475141011782908421052818425503634136", "transaction_hash": "0x945ca40f6a2c9870f4012595d9f0f87841bf0a82d1fb7adf1fcc82a6f2359077"}, {"condition_id": "0xa360eaa217ebf14190e577500c9d601dcabfe5da09acf5c91a2fe76f24e55722", "id": "0x02a0062f6e6b9522b53b475f829b5ee36f256af71d4eaf3bc777a3647a0d9d5c_0xab4d168f2989f5a76e8b6aa129a21d655a49d0c9fc32523f476f0fe472e63dbc", "outcome": "Over", "price": 0.51, "proxy_wallet": "0xc0f89d4e30b3ab40ab1f1979ebdcf8a02c39ae2e", "side": "BUY", "size": 30, "slug": "mlb-det-nyy-2026-07-01-f5-total-4pt5", "timestamp": "2026-06-30T22:43:01Z", "token_id": "113662308438402556316493507758387143725247475141011782908421052818425503634136", "transaction_hash": "0x02a0062f6e6b9522b53b475f829b5ee36f256af71d4eaf3bc777a3647a0d9d5c"}], "polled_at": "2026-07-02T01:49:51.897612+00:00"}