{"wallet": "0x6db568e61e5e3de7d87f831431b673f38ce2e279", "total_trades_90d": 83, "mlb_trades_count": 50, "mlb_condition_ids": ["0x09fbaba76236671313e03c0dd341e24e8b16cb1fca7e04673a5c5d6fddc5c09e", "0xbdf3af1911c5ef8abb7694eb6f9e3c611ab282a8f6dd413bba64bad2d8177ad8", "0xc65d4e7f6f5bb008ec087c398472fd94fafe9f1d3d216283f0beb100a309042e", "0xdbc85e607e8e7325bdbf42d37c4e94547cb09f364ad078d66bfca4c6af707bf0", "0xf109a0e7478f4746ce0c8acaa1455893bc426b1c07028fa136562dac7f5203e4"], "mlb_trade_details": [{"condition_id": "0xbdf3af1911c5ef8abb7694eb6f9e3c611ab282a8f6dd413bba64bad2d8177ad8", "id": "0xf631b58cb1a0d214e7b35442f31573bc5ffef13e3dff862d3eda9f7915bf7729_0xcc0ddc8638542bf74f7c1149b3ede441a183d91aa1087a886feb320216170796", "outcome": "St. Louis Cardinals", "price": 0.9187323943661971, "proxy_wallet": "0x6db568e61e5e3de7d87f831431b673f38ce2e279", "side": "BUY", "size": 355, "slug": "mlb-stl-atl-2026-06-30", "timestamp": "2026-07-01T02:08:13Z", "token_id": "74988259535247500886296296635217055697891014896391816761659586029370970727793", "transaction_hash": "0xf631b58cb1a0d214e7b35442f31573bc5ffef13e3dff862d3eda9f7915bf7729"}, {"condition_id": "0xc65d4e7f6f5bb008ec087c398472fd94fafe9f1d3d216283f0beb100a309042e", "id": "0x22b43eabf8fd121f62541a37e13b46a90d764f6d6d49a1387e9ec6ae95368ed0_0xcfd019afef11299c84e8547f8320523e4aa5f1fbe762c82e081ef72ddc8591b9", "outcome": "Miami Marlins", "price": 0.87, "proxy_wallet": "0x6db568e61e5e3de7d87f831431b673f38ce2e279", "side": "BUY", "size": 815.41, "slug": "mlb-mia-col-2026-06-30", "timestamp": "2026-07-01T02:06:56Z", "token_id": "41301678129222070982755432471327162516616983006595203710227947619848263663773", "transaction_hash": "0x22b43eabf8fd121f62541a37e13b46a90d764f6d6d49a1387e9ec6ae95368ed0"}, {"condition_id": "0xbdf3af1911c5ef8abb7694eb6f9e3c611ab282a8f6dd413bba64bad2d8177ad8", "id": "0x7c9c27b9aa25d7d54feb257c52d2bfa262ec0b450d5b606f6786537b621fd311_0x39d9c44f2696c0d690cd69ddee1b5ef176dc6b3d50277d44a1ad4f35cae55d83", "outcome": "St. Louis Cardinals", "price": 0.7774220963172804, "proxy_wallet": "0x6db568e61e5e3de7d87f831431b673f38ce2e279", "side": "BUY", "size": 353, "slug": "mlb-stl-atl-2026-06-30", "timestamp": "2026-07-01T01:58:02Z", "token_id": "74988259535247500886296296635217055697891014896391816761659586029370970727793", "transaction_hash": "0x7c9c27b9aa25d7d54feb257c52d2bfa262ec0b450d5b606f6786537b621fd311"}, {"condition_id": "0xbdf3af1911c5ef8abb7694eb6f9e3c611ab282a8f6dd413bba64bad2d8177ad8", "id": "0x6b52c480cd45c916b0fb6d4bb814d9c21e1b6cfef464fa3a36386738468750ab_0xd9607807730e71911ffa952cf2a71c53d003b959d693a073d3a5a1cd63dbca72", "outcome": "Atlanta Braves", "price": 0.09216216216216216, "proxy_wallet": "0x6db568e61e5e3de7d87f831431b673f38ce2e279", "side": "BUY", "size": 222, "slug": "mlb-stl-atl-2026-06-30", "timestamp": "2026-07-01T01:50:17Z", "token_id": "33376358483057520599769246280408465432330494979035831336344161311299729610015", "transaction_hash": "0x6b52c480cd45c916b0fb6d4bb814d9c21e1b6cfef464fa3a36386738468750ab"}, {"condition_id": "0xbdf3af1911c5ef8abb7694eb6f9e3c611ab282a8f6dd413bba64bad2d8177ad8", "id": "0x2c557b297152bd8f1031155f98fa3efed48d00f6e2d289684a7e4cb035eb30bc_0xf1b89cf82fde494e71200db821d4a3be521f7283d584ee91c96cb7f5364b3f99", "outcome": "St. Louis Cardinals", "price": 0.8445, "proxy_wallet": "0x6db568e61e5e3de7d87f831431b673f38ce2e279", "side": "BUY", "size": 10, "slug": "mlb-stl-atl-2026-06-30", "timestamp": "2026-07-01T01:48:08Z", "token_id": "74988259535247500886296296635217055697891014896391816761659586029370970727793", "transaction_hash": "0x2c557b297152bd8f1031155f98fa3efed48d00f6e2d289684a7e4cb035eb30bc"}, {"condition_id": "0xbdf3af1911c5ef8abb7694eb6f9e3c611ab282a8f6dd413bba64bad2d8177ad8", "id": "0xa78d4a8612f0753d51f617e8bd2dc5081a81c4caf5a38f460398376e1ed3d1d1_0xc05930e6c9dce7c29b3dc67b59504e84b7fd522ee55d19a9394670abe36e96dc", "outcome": "Atlanta Braves", "price": 0.12, "proxy_wallet": "0x6db568e61e5e3de7d87f831431b673f38ce2e279", "side": "BUY", "size": 6, "slug": "mlb-stl-atl-2026-06-30", "timestamp": "2026-07-01T01:43:26Z", "token_id": "33376358483057520599769246280408465432330494979035831336344161311299729610015", "transaction_hash": "0xa78d4a8612f0753d51f617e8bd2dc5081a81c4caf5a38f460398376e1ed3d1d1"}, {"condition_id": "0xbdf3af1911c5ef8abb7694eb6f9e3c611ab282a8f6dd413bba64bad2d8177ad8", "id": "0x3a005e5038ecaa7cfffcb15e83939e9ed89c013c1e110bdca9f2ab16c010455a_0xbe13dd3e93823d58748461d2ceeee646cdd8a56cafda5ff2c9bf53ed5d160f10", "outcome": "Atlanta Braves", "price": 0.1, "proxy_wallet": "0x6db568e61e5e3de7d87f831431b673f38ce2e279", "side": "BUY", "size": 5, "slug": "mlb-stl-atl-2026-06-30", "timestamp": "2026-07-01T01:24:20Z", "token_id": "33376358483057520599769246280408465432330494979035831336344161311299729610015", "transaction_hash": "0x3a005e5038ecaa7cfffcb15e83939e9ed89c013c1e110bdca9f2ab16c010455a"}, {"condition_id": "0xc65d4e7f6f5bb008ec087c398472fd94fafe9f1d3d216283f0beb100a309042e", "id": "0x2affd7570d45d53a658358f3a1a24cb2e6c6f6c2521399db9082deade1069c9e_0x277628f0d4b65ca1d35e349192809fe728da31037bac6d1ac7e8d7fafdd2ab80", "outcome": "Colorado Rockies", "price": 0.35, "proxy_wallet": "0x6db568e61e5e3de7d87f831431b673f38ce2e279", "side": "BUY", "size": 15, "slug": "mlb-mia-col-2026-06-30", "timestamp": "2026-07-01T01:20:37Z", "token_id": "50916576962087388762658214124963475747354132412168089738112466186156583474724", "transaction_hash": "0x2affd7570d45d53a658358f3a1a24cb2e6c6f6c2521399db9082deade1069c9e"}, {"condition_id": "0xc65d4e7f6f5bb008ec087c398472fd94fafe9f1d3d216283f0beb100a309042e", "id": "0x3e1bbcf446e76c2170fa97fa3cd6f863b2c50eb5cf68fbca0d3385a03a025da4_0xe0ee96a77117b65eff0bf6dad0f412be0f97cb30d2be3216fe8527fc3b4d704b", "outcome": "Miami Marlins", "price": 0.6084882842025698, "proxy_wallet": "0x6db568e61e5e3de7d87f831431b673f38ce2e279", "side": "BUY", "size": 66.15, "slug": "mlb-mia-col-2026-06-30", "timestamp": "2026-07-01T01:17:08Z", "token_id": "41301678129222070982755432471327162516616983006595203710227947619848263663773", "transaction_hash": "0x3e1bbcf446e76c2170fa97fa3cd6f863b2c50eb5cf68fbca0d3385a03a025da4"}, {"condition_id": "0xc65d4e7f6f5bb008ec087c398472fd94fafe9f1d3d216283f0beb100a309042e", "id": "0x54c943b562e9ff46d59156400de85cacd33cfdb819504206cc68f2efcc7452c0_0xe20a8a94c401cdae0a62d85a566690310c88b3375da7cb5902766588681eefbb", "outcome": "Colorado Rockies", "price": 0.37, "proxy_wallet": "0x6db568e61e5e3de7d87f831431b673f38ce2e279", "side": "BUY", "size": 14.63, "slug": "mlb-mia-col-2026-06-30", "timestamp": "2026-07-01T01:07:19Z", "token_id": "50916576962087388762658214124963475747354132412168089738112466186156583474724", "transaction_hash": "0x54c943b562e9ff46d59156400de85cacd33cfdb819504206cc68f2efcc7452c0"}, {"condition_id": "0xc65d4e7f6f5bb008ec087c398472fd94fafe9f1d3d216283f0beb100a309042e", "id": "0x69342e00480a46df3e97cab7a5e803b74bc5a88d623ee2b9f618a4a2faa6e354_0x5209925d106fd2ae1b3f5bdf984642f277b39913d81b15af8ea3a855872d6b0c", "outcome": "Miami Marlins", "price": 0.55, "proxy_wallet": "0x6db568e61e5e3de7d87f831431b673f38ce2e279", "side": "BUY", "size": 5, "slug": "mlb-mia-col-2026-06-30", "timestamp": "2026-07-01T01:04:35Z", "token_id": "41301678129222070982755432471327162516616983006595203710227947619848263663773", "transaction_hash": "0x69342e00480a46df3e97cab7a5e803b74bc5a88d623ee2b9f618a4a2faa6e354"}, {"condition_id": "0xbdf3af1911c5ef8abb7694eb6f9e3c611ab282a8f6dd413bba64bad2d8177ad8", "id": "0xa405b69192e0c88d5e055c26017ead0c20a2ca76444ebf6cbe4c085ce5fa228d_0xb29ce9fb0c7a657279812d9f74abcfde2b6b07616a3f2c759bf43ecd8e0bbdcd", "outcome": "Atlanta Braves", "price": 0.23, "proxy_wallet": "0x6db568e61e5e3de7d87f831431b673f38ce2e279", "side": "BUY", "size": 195, "slug": "mlb-stl-atl-2026-06-30", "timestamp": "2026-07-01T00:34:17Z", "token_id": "33376358483057520599769246280408465432330494979035831336344161311299729610015", "transaction_hash": "0xa405b69192e0c88d5e055c26017ead0c20a2ca76444ebf6cbe4c085ce5fa228d"}, {"condition_id": "0xbdf3af1911c5ef8abb7694eb6f9e3c611ab282a8f6dd413bba64bad2d8177ad8", "id": "0xdcde32058d7324492584e9cecd96ed74dad256b3a9a3a34f16b7663fa9257b17_0xf8385af727db63663c7bc3707d2feee25ca0639c3317d6ea4a8b4f2d202da1fa", "outcome": "Atlanta Braves", "price": 0.3, "proxy_wallet": "0x6db568e61e5e3de7d87f831431b673f38ce2e279", "side": "BUY", "size": 757, "slug": "mlb-stl-atl-2026-06-30", "timestamp": "2026-07-01T00:20:47Z", "token_id": "33376358483057520599769246280408465432330494979035831336344161311299729610015", "transaction_hash": "0xdcde32058d7324492584e9cecd96ed74dad256b3a9a3a34f16b7663fa9257b17"}, {"condition_id": "0xbdf3af1911c5ef8abb7694eb6f9e3c611ab282a8f6dd413bba64bad2d8177ad8", "id": "0x3255e8beebee72f7e2db70feea4e1c9741067fc45f400812df779f2c38b442df_0x1627a906eb52494f825f8039d9be8c57123d03ee26d7956f4362010661c898c4", "outcome": "Atlanta Braves", "price": 0.27799999999999997, "proxy_wallet": "0x6db568e61e5e3de7d87f831431b673f38ce2e279", "side": "BUY", "size": 15.06, "slug": "mlb-stl-atl-2026-06-30", "timestamp": "2026-07-01T00:18:59Z", "token_id": "33376358483057520599769246280408465432330494979035831336344161311299729610015", "transaction_hash": "0x3255e8beebee72f7e2db70feea4e1c9741067fc45f400812df779f2c38b442df"}, {"condition_id": "0xbdf3af1911c5ef8abb7694eb6f9e3c611ab282a8f6dd413bba64bad2d8177ad8", "id": "0x82b09baf76aea562c7d219ce15ba0808245bf6433a7ca258d9a016448fcfe8c7_0xc4a88742a65ddaf4317682d2f4e715dac1372f65a6eed3f305c601bf6ab6c44d", "outcome": "St. Louis Cardinals", "price": 0.5033013454940773, "proxy_wallet": "0x6db568e61e5e3de7d87f831431b673f38ce2e279", "side": "BUY", "size": 708.29, "slug": "mlb-stl-atl-2026-06-30", "timestamp": "2026-07-01T00:14:20Z", "token_id": "74988259535247500886296296635217055697891014896391816761659586029370970727793", "transaction_hash": "0x82b09baf76aea562c7d219ce15ba0808245bf6433a7ca258d9a016448fcfe8c7"}, {"condition_id": "0xbdf3af1911c5ef8abb7694eb6f9e3c611ab282a8f6dd413bba64bad2d8177ad8", "id": "0x64d29b945c08559e6696254668f183a4989c34d67b93e715b1be63430b5d8256_0x8341a3b2f3f630294ab3eadfa2a2ff0b251967eca7bbecad2c0ed8762cd8754b", "outcome": "Atlanta Braves", "price": 0.517, "proxy_wallet": "0x6db568e61e5e3de7d87f831431b673f38ce2e279", "side": "BUY", "size": 5, "slug": "mlb-stl-atl-2026-06-30", "timestamp": "2026-07-01T00:12:11Z", "token_id": "33376358483057520599769246280408465432330494979035831336344161311299729610015", "transaction_hash": "0x64d29b945c08559e6696254668f183a4989c34d67b93e715b1be63430b5d8256"}, {"condition_id": "0xbdf3af1911c5ef8abb7694eb6f9e3c611ab282a8f6dd413bba64bad2d8177ad8", "id": "0x915eec78c0134642605ca1ceba69708f3ca15ce389e621cdf5275113c65b7354_0x42d7603c51707db5821a520dc450f605c6319c80fada442b4b1feca2c422648b", "outcome": "St. Louis Cardinals", "price": 0.456, "proxy_wallet": "0x6db568e61e5e3de7d87f831431b673f38ce2e279", "side": "BUY", "size": 35, "slug": "mlb-stl-atl-2026-06-30", "timestamp": "2026-07-01T00:11:22Z", "token_id": "74988259535247500886296296635217055697891014896391816761659586029370970727793", "transaction_hash": "0x915eec78c0134642605ca1ceba69708f3ca15ce389e621cdf5275113c65b7354"}, {"condition_id": "0xbdf3af1911c5ef8abb7694eb6f9e3c611ab282a8f6dd413bba64bad2d8177ad8", "id": "0x1d889560bb74b5ffac952b59f9fa70933b8173bfe8d202b4d051e5d5418f4e05_0xbf3993a76d492920471288bca17b239779f533a1b2d4fb0719388f938c20aeac", "outcome": "Atlanta Braves", "price": 0.606, "proxy_wallet": "0x6db568e61e5e3de7d87f831431b673f38ce2e279", "side": "BUY", "size": 5, "slug": "mlb-stl-atl-2026-06-30", "timestamp": "2026-06-30T23:57:59Z", "token_id": "33376358483057520599769246280408465432330494979035831336344161311299729610015", "transaction_hash": "0x1d889560bb74b5ffac952b59f9fa70933b8173bfe8d202b4d051e5d5418f4e05"}, {"condition_id": "0xbdf3af1911c5ef8abb7694eb6f9e3c611ab282a8f6dd413bba64bad2d8177ad8", "id": "0x0eee896394e28a735952f635450bcf85e025e089a11cc3ff54519a5ff3d4172b_0x7d3cf0ae350730bb63ebe3e87e06d9f5b9eeb078290edc06ef2e12d386c16b9c", "outcome": "St. Louis Cardinals", "price": 0.28300000000000003, "proxy_wallet": "0x6db568e61e5e3de7d87f831431b673f38ce2e279", "side": "BUY", "size": 25, "slug": "mlb-stl-atl-2026-06-30", "timestamp": "2026-06-30T23:42:38Z", "token_id": "74988259535247500886296296635217055697891014896391816761659586029370970727793", "transaction_hash": "0x0eee896394e28a735952f635450bcf85e025e089a11cc3ff54519a5ff3d4172b"}, {"condition_id": "0xbdf3af1911c5ef8abb7694eb6f9e3c611ab282a8f6dd413bba64bad2d8177ad8", "id": "0x32006f3cd22cb2c7747bb61f0785d85ad9e6e238f2be8fdf221d91b07db3238b_0x53bc57bdbf50141b32177796a939b3a631fec6e35204d7e20596227835b2d4bc", "outcome": "Atlanta Braves", "price": 0.5899875311720698, "proxy_wallet": "0x6db568e61e5e3de7d87f831431b673f38ce2e279", "side": "BUY", "size": 401, "slug": "mlb-stl-atl-2026-06-30", "timestamp": "2026-06-30T23:22:14Z", "token_id": "33376358483057520599769246280408465432330494979035831336344161311299729610015", "transaction_hash": "0x32006f3cd22cb2c7747bb61f0785d85ad9e6e238f2be8fdf221d91b07db3238b"}, {"condition_id": "0xf109a0e7478f4746ce0c8acaa1455893bc426b1c07028fa136562dac7f5203e4", "id": "0x5b312bfc082003352d78606c6490b7f9aa98c1d7cae26f38144e220c1eda1685_0x60e666482e19028c0b530499d60f3ad2879f4852619906bf8799639ab6d15928", "outcome": "Colorado Rockies", "price": 0.06999999999999999, "proxy_wallet": "0x6db568e61e5e3de7d87f831431b673f38ce2e279", "side": "BUY", "size": 5, "slug": "mlb-mia-col-2026-06-29", "timestamp": "2026-06-30T03:34:16Z", "token_id": "12302478637514717727876267413205813648816717319654477047874151542001596742510", "transaction_hash": "0x5b312bfc082003352d78606c6490b7f9aa98c1d7cae26f38144e220c1eda1685"}, {"condition_id": "0xf109a0e7478f4746ce0c8acaa1455893bc426b1c07028fa136562dac7f5203e4", "id": "0x153b88f1efbbc6f3670231b3c7dea635443d40c5d598318de8873b2f3546798a_0xed728d1b886b61e9bc1850724f9ac434b12ab464bb4cbafab34a115a4d2881dc", "outcome": "Miami Marlins", "price": 0.7859429477020602, "proxy_wallet": "0x6db568e61e5e3de7d87f831431b673f38ce2e279", "side": "BUY", "size": 25.24, "slug": "mlb-mia-col-2026-06-29", "timestamp": "2026-06-30T02:55:13Z", "token_id": "71609804049156839227196155965371851426777544694890058987172503368828424490545", "transaction_hash": "0x153b88f1efbbc6f3670231b3c7dea635443d40c5d598318de8873b2f3546798a"}, {"condition_id": "0xf109a0e7478f4746ce0c8acaa1455893bc426b1c07028fa136562dac7f5203e4", "id": "0x8050386cc9f77cf85d7f8ab4ff821dd230d565098418ce510bbfe364fa74687c_0xaad96362ce18682d2642e53a277472d4524a77e857657d916546d28adf8c62e6", "outcome": "Colorado Rockies", "price": 0.22058076602830975, "proxy_wallet": "0x6db568e61e5e3de7d87f831431b673f38ce2e279", "side": "BUY", "size": 384.32, "slug": "mlb-mia-col-2026-06-29", "timestamp": "2026-06-30T02:52:25Z", "token_id": "12302478637514717727876267413205813648816717319654477047874151542001596742510", "transaction_hash": "0x8050386cc9f77cf85d7f8ab4ff821dd230d565098418ce510bbfe364fa74687c"}, {"condition_id": "0xf109a0e7478f4746ce0c8acaa1455893bc426b1c07028fa136562dac7f5203e4", "id": "0x36a32fb7377150d19dde91c38a8b980a3149fb6a7ba935f2fa27f0ed3c120ea4_0xe8eb9159cd2965b5249a1c8f6adacb640be4bbcfc013850eda5e566bada2dd5d", "outcome": "Colorado Rockies", "price": 0.43956621004566215, "proxy_wallet": "0x6db568e61e5e3de7d87f831431b673f38ce2e279", "side": "BUY", "size": 43.8, "slug": "mlb-mia-col-2026-06-29", "timestamp": "2026-06-30T02:30:23Z", "token_id": "12302478637514717727876267413205813648816717319654477047874151542001596742510", "transaction_hash": "0x36a32fb7377150d19dde91c38a8b980a3149fb6a7ba935f2fa27f0ed3c120ea4"}, {"condition_id": "0xf109a0e7478f4746ce0c8acaa1455893bc426b1c07028fa136562dac7f5203e4", "id": "0x6b5c38667bf2e275e75cd888c568613a8234406d58294633d2c0fd5e34d81b96_0x7bf2ec8afce3147c5fa329a66ef1cfa80bb2016e95b3adc33d613e5af5d8d50e", "outcome": "Colorado Rockies", "price": 0.30000000000000004, "proxy_wallet": "0x6db568e61e5e3de7d87f831431b673f38ce2e279", "side": "BUY", "size": 21.65, "slug": "mlb-mia-col-2026-06-29", "timestamp": "2026-06-30T02:25:35Z", "token_id": "12302478637514717727876267413205813648816717319654477047874151542001596742510", "transaction_hash": "0x6b5c38667bf2e275e75cd888c568613a8234406d58294633d2c0fd5e34d81b96"}, {"condition_id": "0xf109a0e7478f4746ce0c8acaa1455893bc426b1c07028fa136562dac7f5203e4", "id": "0x6f2ad9bc3b558f3430ae2451b05216200df88d48f68a604022e6fb226ad613c4_0xdbce8d1c64b866774653bbfec40b65c8755c997538f8be185f3e5b3e283e45e3", "outcome": "Miami Marlins", "price": 0.6, "proxy_wallet": "0x6db568e61e5e3de7d87f831431b673f38ce2e279", "side": "BUY", "size": 10, "slug": "mlb-mia-col-2026-06-29", "timestamp": "2026-06-30T02:09:40Z", "token_id": "71609804049156839227196155965371851426777544694890058987172503368828424490545", "transaction_hash": "0x6f2ad9bc3b558f3430ae2451b05216200df88d48f68a604022e6fb226ad613c4"}, {"condition_id": "0xf109a0e7478f4746ce0c8acaa1455893bc426b1c07028fa136562dac7f5203e4", "id": "0xa9484719b123283f700effaa3ef480ace455fdd0c332fc9cc06541edc25b9d87_0x030c934ff10ce0bccc91553411322c6fd30d2b48b301f06276825d91049d8d3a", "outcome": "Colorado Rockies", "price": 0.63, "proxy_wallet": "0x6db568e61e5e3de7d87f831431b673f38ce2e279", "side": "BUY", "size": 22, "slug": "mlb-mia-col-2026-06-29", "timestamp": "2026-06-30T02:00:01Z", "token_id": "12302478637514717727876267413205813648816717319654477047874151542001596742510", "transaction_hash": "0xa9484719b123283f700effaa3ef480ace455fdd0c332fc9cc06541edc25b9d87"}, {"condition_id": "0xf109a0e7478f4746ce0c8acaa1455893bc426b1c07028fa136562dac7f5203e4", "id": "0xfcb367b6bf925a9543d09e6259eafca66654b8ae724bd1df31741f9ccb9f37e7_0xdc1ae320250ac1ccbc4a6063920e553cdede3cfd51842871c7bccedd04b5bf18", "outcome": "Miami Marlins", "price": 0.3447691827822832, "proxy_wallet": "0x6db568e61e5e3de7d87f831431b673f38ce2e279", "side": "BUY", "size": 32.06, "slug": "mlb-mia-col-2026-06-29", "timestamp": "2026-06-30T01:58:13Z", "token_id": "71609804049156839227196155965371851426777544694890058987172503368828424490545", "transaction_hash": "0xfcb367b6bf925a9543d09e6259eafca66654b8ae724bd1df31741f9ccb9f37e7"}, {"condition_id": "0xf109a0e7478f4746ce0c8acaa1455893bc426b1c07028fa136562dac7f5203e4", "id": "0x573ab0a640238badcba64d902b39d3e1e9a71080aad4eb64e2dcc98df02fa5a6_0xc55b924d214be902bcd0c8f4d27df25da6824b6d9e030f4ad21a1eda7727c5e9", "outcome": "Colorado Rockies", "price": 0.63, "proxy_wallet": "0x6db568e61e5e3de7d87f831431b673f38ce2e279", "side": "BUY", "size": 5, "slug": "mlb-mia-col-2026-06-29", "timestamp": "2026-06-30T01:42:28Z", "token_id": "12302478637514717727876267413205813648816717319654477047874151542001596742510", "transaction_hash": "0x573ab0a640238badcba64d902b39d3e1e9a71080aad4eb64e2dcc98df02fa5a6"}, {"condition_id": "0xf109a0e7478f4746ce0c8acaa1455893bc426b1c07028fa136562dac7f5203e4", "id": "0xc08eb2d74f37280dc49e1467cc52f06ec348e98761c132f4d2b8c95bf5862fca_0xae8e38980a90387e32cea7c63e91f2c8edbaeaa7e0eb997d7ed98de1e54c9f0c", "outcome": "Miami Marlins", "price": 0.41000000000000003, "proxy_wallet": "0x6db568e61e5e3de7d87f831431b673f38ce2e279", "side": "BUY", "size": 30, "slug": "mlb-mia-col-2026-06-29", "timestamp": "2026-06-30T01:40:50Z", "token_id": "71609804049156839227196155965371851426777544694890058987172503368828424490545", "transaction_hash": "0xc08eb2d74f37280dc49e1467cc52f06ec348e98761c132f4d2b8c95bf5862fca"}, {"condition_id": "0xf109a0e7478f4746ce0c8acaa1455893bc426b1c07028fa136562dac7f5203e4", "id": "0xfa943f515e1c78776533f90808aa215d870ed64548479a68fa50f4d2a54f75b3_0x3f2571b7897f597714a59bce6d7e204886817be2794629e77f69431678547afb", "outcome": "Miami Marlins", "price": 0.6242857142857142, "proxy_wallet": "0x6db568e61e5e3de7d87f831431b673f38ce2e279", "side": "BUY", "size": 105, "slug": "mlb-mia-col-2026-06-29", "timestamp": "2026-06-30T01:13:29Z", "token_id": "71609804049156839227196155965371851426777544694890058987172503368828424490545", "transaction_hash": "0xfa943f515e1c78776533f90808aa215d870ed64548479a68fa50f4d2a54f75b3"}, {"condition_id": "0xf109a0e7478f4746ce0c8acaa1455893bc426b1c07028fa136562dac7f5203e4", "id": "0x9188ae6cb861a85778f60ad29a23f8c271be337775014425f7575f0f94287cd8_0xe73b0560acdc8bdb01d8bc21481373aa30a4f933f330b56f7fec7b4c132742e2", "outcome": "Colorado Rockies", "price": 0.3449367088607595, "proxy_wallet": "0x6db568e61e5e3de7d87f831431b673f38ce2e279", "side": "BUY", "size": 237, "slug": "mlb-mia-col-2026-06-29", "timestamp": "2026-06-30T01:08:43Z", "token_id": "12302478637514717727876267413205813648816717319654477047874151542001596742510", "transaction_hash": "0x9188ae6cb861a85778f60ad29a23f8c271be337775014425f7575f0f94287cd8"}, {"condition_id": "0x09fbaba76236671313e03c0dd341e24e8b16cb1fca7e04673a5c5d6fddc5c09e", "id": "0xc5fd2ad8786488a971877f423e00d12aed9aa02690d8c759b708df9896f4c48a_0xfeea71f10d32c8e31d4eb39aa1164147057f39b0a8535ec8287325e0bcde584d", "outcome": "Pittsburgh Pirates", "price": 0.83, "proxy_wallet": "0x6db568e61e5e3de7d87f831431b673f38ce2e279", "side": "BUY", "size": 661, "slug": "mlb-cin-pit-2026-06-28", "timestamp": "2026-06-28T20:09:25Z", "token_id": "106633786919613334293196562613681812074428028147959096199553887419565838568682", "transaction_hash": "0xc5fd2ad8786488a971877f423e00d12aed9aa02690d8c759b708df9896f4c48a"}, {"condition_id": "0x09fbaba76236671313e03c0dd341e24e8b16cb1fca7e04673a5c5d6fddc5c09e", "id": "0x5856c6a4f0a8fefe9e1f1128330f48f44efa3b3417f7710cb5bf07a10c5d7884_0xc6bebd50ea8d402b9796e4949e3cdb4dbd3424b64d4a42d6d66a429ff9dbbed6", "outcome": "Cincinnati Reds", "price": 0.16125, "proxy_wallet": "0x6db568e61e5e3de7d87f831431b673f38ce2e279", "side": "BUY", "size": 16, "slug": "mlb-cin-pit-2026-06-28", "timestamp": "2026-06-28T19:57:34Z", "token_id": "27098759326802805837035589843502003554948098834593681379386326042943699238252", "transaction_hash": "0x5856c6a4f0a8fefe9e1f1128330f48f44efa3b3417f7710cb5bf07a10c5d7884"}, {"condition_id": "0x09fbaba76236671313e03c0dd341e24e8b16cb1fca7e04673a5c5d6fddc5c09e", "id": "0x530058e0b73044c08887095e4b9e4b9a3f956307b0c9ee07237e9f0e3af55dce_0xeb10b98321d952538380cda659462d9743dcaca2a00cac910fad1845e2ee6adc", "outcome": "Pittsburgh Pirates", "price": 0.89, "proxy_wallet": "0x6db568e61e5e3de7d87f831431b673f38ce2e279", "side": "BUY", "size": 100, "slug": "mlb-cin-pit-2026-06-28", "timestamp": "2026-06-28T19:52:20Z", "token_id": "106633786919613334293196562613681812074428028147959096199553887419565838568682", "transaction_hash": "0x530058e0b73044c08887095e4b9e4b9a3f956307b0c9ee07237e9f0e3af55dce"}, {"condition_id": "0x09fbaba76236671313e03c0dd341e24e8b16cb1fca7e04673a5c5d6fddc5c09e", "id": "0x954c81d9a87fe0783317e42fc5a4b1ee7408f4bdd3a3819006857884c231a516_0xf72dd7e06479effdeb4395b8197d38c8a2630f79c23da7bfd0e8f02ab2a56b05", "outcome": "Pittsburgh Pirates", "price": 0.77, "proxy_wallet": "0x6db568e61e5e3de7d87f831431b673f38ce2e279", "side": "BUY", "size": 10, "slug": "mlb-cin-pit-2026-06-28", "timestamp": "2026-06-28T19:42:44Z", "token_id": "106633786919613334293196562613681812074428028147959096199553887419565838568682", "transaction_hash": "0x954c81d9a87fe0783317e42fc5a4b1ee7408f4bdd3a3819006857884c231a516"}, {"condition_id": "0x09fbaba76236671313e03c0dd341e24e8b16cb1fca7e04673a5c5d6fddc5c09e", "id": "0x956ce7a966a4542b1eab205b891ceb8c559cfc6775d9269a5f816a10b690eb02_0xbae668c8e826a95f45e828e7179d4b6d3a9cc0167c635fe0f35caabbb58e05cd", "outcome": "Cincinnati Reds", "price": 0.25, "proxy_wallet": "0x6db568e61e5e3de7d87f831431b673f38ce2e279", "side": "BUY", "size": 1, "slug": "mlb-cin-pit-2026-06-28", "timestamp": "2026-06-28T19:40:37Z", "token_id": "27098759326802805837035589843502003554948098834593681379386326042943699238252", "transaction_hash": "0x956ce7a966a4542b1eab205b891ceb8c559cfc6775d9269a5f816a10b690eb02"}, {"condition_id": "0x09fbaba76236671313e03c0dd341e24e8b16cb1fca7e04673a5c5d6fddc5c09e", "id": "0xb721c145d3059227e6968428b34f41be261f29ce57c428a40ba0bf74f1648016_0xae92d3280646a6c800990fe93c5b018127c346f27a56d979c3dda50c6a17a0c3", "outcome": "Cincinnati Reds", "price": 0.2698230843013961, "proxy_wallet": "0x6db568e61e5e3de7d87f831431b673f38ce2e279", "side": "BUY", "size": 187.66, "slug": "mlb-cin-pit-2026-06-28", "timestamp": "2026-06-28T19:37:47Z", "token_id": "27098759326802805837035589843502003554948098834593681379386326042943699238252", "transaction_hash": "0xb721c145d3059227e6968428b34f41be261f29ce57c428a40ba0bf74f1648016"}, {"condition_id": "0x09fbaba76236671313e03c0dd341e24e8b16cb1fca7e04673a5c5d6fddc5c09e", "id": "0xdb8bdf8bb9b21dff7d7ea3b1213219c5a1b66b052cd92d4015aefd8b212b52ef_0x487650e62efe614f6a4af97e2813091d1c85f74332db38a63bd68a4ef564bd13", "outcome": "Pittsburgh Pirates", "price": 0.619585798816568, "proxy_wallet": "0x6db568e61e5e3de7d87f831431b673f38ce2e279", "side": "BUY", "size": 1690, "slug": "mlb-cin-pit-2026-06-28", "timestamp": "2026-06-28T19:03:53Z", "token_id": "106633786919613334293196562613681812074428028147959096199553887419565838568682", "transaction_hash": "0xdb8bdf8bb9b21dff7d7ea3b1213219c5a1b66b052cd92d4015aefd8b212b52ef"}, {"condition_id": "0x09fbaba76236671313e03c0dd341e24e8b16cb1fca7e04673a5c5d6fddc5c09e", "id": "0x6720861a8647e8710a422da511bc90d2f5eaeb5b4dccfc33e97759516e57fc6d_0xfb74b86d430ce9722ef7d369743915fcad1077e4abdec38bd161b27c249aa6a0", "outcome": "Pittsburgh Pirates", "price": 0.5796315916205153, "proxy_wallet": "0x6db568e61e5e3de7d87f831431b673f38ce2e279", "side": "BUY", "size": 124.59, "slug": "mlb-cin-pit-2026-06-28", "timestamp": "2026-06-28T18:57:02Z", "token_id": "106633786919613334293196562613681812074428028147959096199553887419565838568682", "transaction_hash": "0x6720861a8647e8710a422da511bc90d2f5eaeb5b4dccfc33e97759516e57fc6d"}, {"condition_id": "0x09fbaba76236671313e03c0dd341e24e8b16cb1fca7e04673a5c5d6fddc5c09e", "id": "0xf6513ade9802b7a1e82034322eb717fdfe69d4461503d01af99da789d61d4b39_0x90242b3180d1d02cde0d36b32529183ff599f315de355c57c4a0b50ae190f140", "outcome": "Pittsburgh Pirates", "price": 0.5917522658610271, "proxy_wallet": "0x6db568e61e5e3de7d87f831431b673f38ce2e279", "side": "BUY", "size": 16.55, "slug": "mlb-cin-pit-2026-06-28", "timestamp": "2026-06-28T18:54:08Z", "token_id": "106633786919613334293196562613681812074428028147959096199553887419565838568682", "transaction_hash": "0xf6513ade9802b7a1e82034322eb717fdfe69d4461503d01af99da789d61d4b39"}, {"condition_id": "0x09fbaba76236671313e03c0dd341e24e8b16cb1fca7e04673a5c5d6fddc5c09e", "id": "0x566bcf9ecc56b667268ba9d8f4db396f27e659cdb4b42158e163e120f97cb7fb_0xa33ce2a4f638239554ab685257fea885687674d2249550f2bce9d7b327e7e45c", "outcome": "Cincinnati Reds", "price": 0.22999999999999998, "proxy_wallet": "0x6db568e61e5e3de7d87f831431b673f38ce2e279", "side": "BUY", "size": 6, "slug": "mlb-cin-pit-2026-06-28", "timestamp": "2026-06-28T18:50:26Z", "token_id": "27098759326802805837035589843502003554948098834593681379386326042943699238252", "transaction_hash": "0x566bcf9ecc56b667268ba9d8f4db396f27e659cdb4b42158e163e120f97cb7fb"}, {"condition_id": "0x09fbaba76236671313e03c0dd341e24e8b16cb1fca7e04673a5c5d6fddc5c09e", "id": "0x244f5018b0bee294f80ab4c9a43ee202b1b79944ba930067e4950ffb51f81cb2_0x31ec733ee77d5c5074a20e43d62dfc2a695d1f008d94f74ad8676c44f109e064", "outcome": "Cincinnati Reds", "price": 0.17890109890109893, "proxy_wallet": "0x6db568e61e5e3de7d87f831431b673f38ce2e279", "side": "BUY", "size": 455, "slug": "mlb-cin-pit-2026-06-28", "timestamp": "2026-06-28T18:46:49Z", "token_id": "27098759326802805837035589843502003554948098834593681379386326042943699238252", "transaction_hash": "0x244f5018b0bee294f80ab4c9a43ee202b1b79944ba930067e4950ffb51f81cb2"}, {"condition_id": "0x09fbaba76236671313e03c0dd341e24e8b16cb1fca7e04673a5c5d6fddc5c09e", "id": "0xfc58058e018723a41ce3438af49a0225ddcb009c12a9e9c62c2d5495e15f996b_0x853bb42eda8e2de766d2f2c7fee7d8d9b91d7e26934a84754fc55c1afa0284a0", "outcome": "Cincinnati Reds", "price": 0.13127018769096466, "proxy_wallet": "0x6db568e61e5e3de7d87f831431b673f38ce2e279", "side": "BUY", "size": 114.55, "slug": "mlb-cin-pit-2026-06-28", "timestamp": "2026-06-28T18:44:02Z", "token_id": "27098759326802805837035589843502003554948098834593681379386326042943699238252", "transaction_hash": "0xfc58058e018723a41ce3438af49a0225ddcb009c12a9e9c62c2d5495e15f996b"}, {"condition_id": "0xdbc85e607e8e7325bdbf42d37c4e94547cb09f364ad078d66bfca4c6af707bf0", "id": "0xce7e7aeedc520b0426d61ded1415e1f4470b298de2758f5b96082c8f636a191c_0x115e3f2157b75ec8bf6dfef998ec2c733dda8d40f890d08ffb480d15e65fd281", "outcome": "Cincinnati Reds", "price": 0.9199999999999999, "proxy_wallet": "0x6db568e61e5e3de7d87f831431b673f38ce2e279", "side": "BUY", "size": 225.53, "slug": "mlb-cin-pit-2026-06-26", "timestamp": "2026-06-27T01:23:46Z", "token_id": "42913076617770366239778202738124708098913617224851245249074650287044790486055", "transaction_hash": "0xce7e7aeedc520b0426d61ded1415e1f4470b298de2758f5b96082c8f636a191c"}, {"condition_id": "0xdbc85e607e8e7325bdbf42d37c4e94547cb09f364ad078d66bfca4c6af707bf0", "id": "0x5a7f61333d03aa950b9f0141ad1f1d52eec6c14391b0db4bf3b7e3de61e63ddc_0x0aadda564acad3255e4ca387dd817b71a0981b1770e420ff57f03b80c1bb9a92", "outcome": "Pittsburgh Pirates", "price": 0.18860807885403713, "proxy_wallet": "0x6db568e61e5e3de7d87f831431b673f38ce2e279", "side": "BUY", "size": 651.33, "slug": "mlb-cin-pit-2026-06-26", "timestamp": "2026-06-27T01:17:59Z", "token_id": "29117651764175175576876484609787227017584522965480036348938581040326524524900", "transaction_hash": "0x5a7f61333d03aa950b9f0141ad1f1d52eec6c14391b0db4bf3b7e3de61e63ddc"}, {"condition_id": "0xdbc85e607e8e7325bdbf42d37c4e94547cb09f364ad078d66bfca4c6af707bf0", "id": "0xc52157632b1d76be1649d0d590f9b3bf3ae71c1e9eab44a018ea27774f5348d3_0x15b1e510fb976a6339cbf3fcb14effa09060ac385c8969d844e17018ea022640", "outcome": "Cincinnati Reds", "price": 0.803455497382199, "proxy_wallet": "0x6db568e61e5e3de7d87f831431b673f38ce2e279", "side": "BUY", "size": 191, "slug": "mlb-cin-pit-2026-06-26", "timestamp": "2026-06-27T01:14:11Z", "token_id": "42913076617770366239778202738124708098913617224851245249074650287044790486055", "transaction_hash": "0xc52157632b1d76be1649d0d590f9b3bf3ae71c1e9eab44a018ea27774f5348d3"}, {"condition_id": "0xdbc85e607e8e7325bdbf42d37c4e94547cb09f364ad078d66bfca4c6af707bf0", "id": "0x5bd2b2b0347215d321e621c2b3a1d612b2f61ed2ff3479b0ac13006c36b53d77_0xb01d0022ae60c7be6557e5765cfbd1ffbd1d5a10fac953f53e3457f2b650ba8e", "outcome": "Pittsburgh Pirates", "price": 0.5800000000000001, "proxy_wallet": "0x6db568e61e5e3de7d87f831431b673f38ce2e279", "side": "BUY", "size": 180, "slug": "mlb-cin-pit-2026-06-26", "timestamp": "2026-06-27T00:47:38Z", "token_id": "29117651764175175576876484609787227017584522965480036348938581040326524524900", "transaction_hash": "0x5bd2b2b0347215d321e621c2b3a1d612b2f61ed2ff3479b0ac13006c36b53d77"}, {"condition_id": "0xdbc85e607e8e7325bdbf42d37c4e94547cb09f364ad078d66bfca4c6af707bf0", "id": "0xe0c78a98c27aecb335ca2d001f6db4edb26df16163549912242c41e023aafbdb_0x6de3f69d75b32c439d485a5082100d0c7c6d7391fbf8a432c08750ab4c5dd368", "outcome": "Pittsburgh Pirates", "price": 0.53, "proxy_wallet": "0x6db568e61e5e3de7d87f831431b673f38ce2e279", "side": "BUY", "size": 107, "slug": "mlb-cin-pit-2026-06-26", "timestamp": "2026-06-27T00:39:40Z", "token_id": "29117651764175175576876484609787227017584522965480036348938581040326524524900", "transaction_hash": "0xe0c78a98c27aecb335ca2d001f6db4edb26df16163549912242c41e023aafbdb"}, {"condition_id": "0xdbc85e607e8e7325bdbf42d37c4e94547cb09f364ad078d66bfca4c6af707bf0", "id": "0x7dc633f6a277b24646d902cae7db6053d5a8c3811bcf2ce231b9e02590a8f4a8_0xc914f4f2831b9cb4d4f8828cd089d5083524dc12f6c5013f6e671ff42a0ee0a9", "outcome": "Pittsburgh Pirates", "price": 0.4450058343057176, "proxy_wallet": "0x6db568e61e5e3de7d87f831431b673f38ce2e279", "side": "BUY", "size": 59.99, "slug": "mlb-cin-pit-2026-06-26", "timestamp": "2026-06-27T00:28:53Z", "token_id": "29117651764175175576876484609787227017584522965480036348938581040326524524900", "transaction_hash": "0x7dc633f6a277b24646d902cae7db6053d5a8c3811bcf2ce231b9e02590a8f4a8"}], "polled_at": "2026-07-02T01:49:30.958645+00:00"}