{"wallet": "0x9770ca178764cdca1271934ad613ad7ab4a10ff5", "total_trades_90d": 200, "mlb_trades_count": 50, "mlb_condition_ids": ["0x21e9d9dc86727d9992bb3242da3e69f11d2f80cc6a578164c1d1b5a4b640abcb", "0x293aa18bd50ec49cefc2a185332b7ab53765ac0eee8aed6b755d082a06bd5d49", "0x5d57371510134a140e75dd11eb6f7f41e7fac286772a338ae0d13f2c65be9dc1", "0x6812120aca1f7d56e120dcac2f2a174b73f5a4f1fd1bdcaa21949168747d1231", "0x6b9216836a42edd951be87b3a7e11532058687d97e84c75773dd442af1a51cf6", "0x9f1fc9fa4e0af34538485d07cd1ca93fd0d7a45989346ed94be84dada491d2a6", "0xc65d4e7f6f5bb008ec087c398472fd94fafe9f1d3d216283f0beb100a309042e", "0xf5d3eeed8260951cc0b3d8c63b1415f1321054b45a47ec1dcc8cf8c380192c67"], "mlb_trade_details": [{"condition_id": "0x9f1fc9fa4e0af34538485d07cd1ca93fd0d7a45989346ed94be84dada491d2a6", "id": "0x26a6af3459a745a76dd27e6a03132e34bc880beacaf9a16c850947ba14add731_0xc6ec9302dad8f6c736c8b88891d1aaf27be536545e0677728ca9f7b31ad9e681", "outcome": "Over", "price": 0.51, "proxy_wallet": "0x9770ca178764cdca1271934ad613ad7ab4a10ff5", "side": "BUY", "size": 4, "slug": "mlb-lad-oak-2026-07-01-total-10pt5", "timestamp": "2026-07-01T13:47:25Z", "token_id": "92620761428944922956770224102189954226304053863195882532869152771631024111160", "transaction_hash": "0x26a6af3459a745a76dd27e6a03132e34bc880beacaf9a16c850947ba14add731"}, {"condition_id": "0x9f1fc9fa4e0af34538485d07cd1ca93fd0d7a45989346ed94be84dada491d2a6", "id": "0xb930df55b5ba29194579135a5fec81f855a62bc9abc1fa6552fa326588d8899f_0xc6ec9302dad8f6c736c8b88891d1aaf27be536545e0677728ca9f7b31ad9e681", "outcome": "Over", "price": 0.5100000110360374, "proxy_wallet": "0x9770ca178764cdca1271934ad613ad7ab4a10ff5", "side": "BUY", "size": 13.591835, "slug": "mlb-lad-oak-2026-07-01-total-10pt5", "timestamp": "2026-07-01T13:46:58Z", "token_id": "92620761428944922956770224102189954226304053863195882532869152771631024111160", "transaction_hash": "0xb930df55b5ba29194579135a5fec81f855a62bc9abc1fa6552fa326588d8899f"}, {"condition_id": "0x9f1fc9fa4e0af34538485d07cd1ca93fd0d7a45989346ed94be84dada491d2a6", "id": "0x57fc1290b76b8aa2753585e3cee05b9df1080dcd72c5a1dfdb8d34cbc9211e9c_0xc6ec9302dad8f6c736c8b88891d1aaf27be536545e0677728ca9f7b31ad9e681", "outcome": "Over", "price": 0.51, "proxy_wallet": "0x9770ca178764cdca1271934ad613ad7ab4a10ff5", "side": "BUY", "size": 10, "slug": "mlb-lad-oak-2026-07-01-total-10pt5", "timestamp": "2026-07-01T13:46:53Z", "token_id": "92620761428944922956770224102189954226304053863195882532869152771631024111160", "transaction_hash": "0x57fc1290b76b8aa2753585e3cee05b9df1080dcd72c5a1dfdb8d34cbc9211e9c"}, {"condition_id": "0x9f1fc9fa4e0af34538485d07cd1ca93fd0d7a45989346ed94be84dada491d2a6", "id": "0x5f7480a7ac499f3509bb0827842bb06253a4f5ad2d971a48709948c8aa06cc70_0xc6ec9302dad8f6c736c8b88891d1aaf27be536545e0677728ca9f7b31ad9e681", "outcome": "Over", "price": 0.51, "proxy_wallet": "0x9770ca178764cdca1271934ad613ad7ab4a10ff5", "side": "BUY", "size": 10, "slug": "mlb-lad-oak-2026-07-01-total-10pt5", "timestamp": "2026-07-01T13:46:52Z", "token_id": "92620761428944922956770224102189954226304053863195882532869152771631024111160", "transaction_hash": "0x5f7480a7ac499f3509bb0827842bb06253a4f5ad2d971a48709948c8aa06cc70"}, {"condition_id": "0x9f1fc9fa4e0af34538485d07cd1ca93fd0d7a45989346ed94be84dada491d2a6", "id": "0x43389b36a05aafdddcc7b09e875cce629d7557a5139d3eac20d7777884fba23f_0xc6ec9302dad8f6c736c8b88891d1aaf27be536545e0677728ca9f7b31ad9e681", "outcome": "Over", "price": 0.51, "proxy_wallet": "0x9770ca178764cdca1271934ad613ad7ab4a10ff5", "side": "BUY", "size": 6.89, "slug": "mlb-lad-oak-2026-07-01-total-10pt5", "timestamp": "2026-07-01T13:46:52Z", "token_id": "92620761428944922956770224102189954226304053863195882532869152771631024111160", "transaction_hash": "0x43389b36a05aafdddcc7b09e875cce629d7557a5139d3eac20d7777884fba23f"}, {"condition_id": "0x9f1fc9fa4e0af34538485d07cd1ca93fd0d7a45989346ed94be84dada491d2a6", "id": "0xd914881bbc90fd40bbc8239f52c5a6ec67d54dfae2b2b25906705d78748e36ae_0xc6ec9302dad8f6c736c8b88891d1aaf27be536545e0677728ca9f7b31ad9e681", "outcome": "Over", "price": 0.51, "proxy_wallet": "0x9770ca178764cdca1271934ad613ad7ab4a10ff5", "side": "BUY", "size": 8.08, "slug": "mlb-lad-oak-2026-07-01-total-10pt5", "timestamp": "2026-07-01T13:46:49Z", "token_id": "92620761428944922956770224102189954226304053863195882532869152771631024111160", "transaction_hash": "0xd914881bbc90fd40bbc8239f52c5a6ec67d54dfae2b2b25906705d78748e36ae"}, {"condition_id": "0x9f1fc9fa4e0af34538485d07cd1ca93fd0d7a45989346ed94be84dada491d2a6", "id": "0xb065a0bf97415836660e55cf0ac1ebad4b94e372320f08c4b366d01deab73b77_0xf9fea082abc3a43529644f3a9931633cf75055bd1bc0a34a953954355d9e480d", "outcome": "Over", "price": 0.52, "proxy_wallet": "0x9770ca178764cdca1271934ad613ad7ab4a10ff5", "side": "BUY", "size": 4000, "slug": "mlb-lad-oak-2026-07-01-total-10pt5", "timestamp": "2026-07-01T13:46:47Z", "token_id": "92620761428944922956770224102189954226304053863195882532869152771631024111160", "transaction_hash": "0xb065a0bf97415836660e55cf0ac1ebad4b94e372320f08c4b366d01deab73b77"}, {"condition_id": "0x9f1fc9fa4e0af34538485d07cd1ca93fd0d7a45989346ed94be84dada491d2a6", "id": "0xb81e5ed8e8677bb19e9001d8663217667e142b1e3d3ced5e7968a89b1bd7ba3c_0xc6ec9302dad8f6c736c8b88891d1aaf27be536545e0677728ca9f7b31ad9e681", "outcome": "Over", "price": 0.5100000000000001, "proxy_wallet": "0x9770ca178764cdca1271934ad613ad7ab4a10ff5", "side": "BUY", "size": 8.36, "slug": "mlb-lad-oak-2026-07-01-total-10pt5", "timestamp": "2026-07-01T13:46:47Z", "token_id": "92620761428944922956770224102189954226304053863195882532869152771631024111160", "transaction_hash": "0xb81e5ed8e8677bb19e9001d8663217667e142b1e3d3ced5e7968a89b1bd7ba3c"}, {"condition_id": "0x9f1fc9fa4e0af34538485d07cd1ca93fd0d7a45989346ed94be84dada491d2a6", "id": "0x2254ab0e6624d2f1e747d208cadf2e4fc7eb3feb5464ca36d7aa43368d33d592_0xc6ec9302dad8f6c736c8b88891d1aaf27be536545e0677728ca9f7b31ad9e681", "outcome": "Over", "price": 0.51, "proxy_wallet": "0x9770ca178764cdca1271934ad613ad7ab4a10ff5", "side": "BUY", "size": 500, "slug": "mlb-lad-oak-2026-07-01-total-10pt5", "timestamp": "2026-07-01T13:46:43Z", "token_id": "92620761428944922956770224102189954226304053863195882532869152771631024111160", "transaction_hash": "0x2254ab0e6624d2f1e747d208cadf2e4fc7eb3feb5464ca36d7aa43368d33d592"}, {"condition_id": "0x9f1fc9fa4e0af34538485d07cd1ca93fd0d7a45989346ed94be84dada491d2a6", "id": "0x6ba08fc85d2341d3728f87ae2f947de0eca7d06344e9eda8e51f2f83a80a0202_0xc6ec9302dad8f6c736c8b88891d1aaf27be536545e0677728ca9f7b31ad9e681", "outcome": "Over", "price": 0.5100000228765084, "proxy_wallet": "0x9770ca178764cdca1271934ad613ad7ab4a10ff5", "side": "BUY", "size": 13.551019, "slug": "mlb-lad-oak-2026-07-01-total-10pt5", "timestamp": "2026-07-01T13:46:38Z", "token_id": "92620761428944922956770224102189954226304053863195882532869152771631024111160", "transaction_hash": "0x6ba08fc85d2341d3728f87ae2f947de0eca7d06344e9eda8e51f2f83a80a0202"}, {"condition_id": "0x9f1fc9fa4e0af34538485d07cd1ca93fd0d7a45989346ed94be84dada491d2a6", "id": "0x8e3f4743e4db1fc272ecf6631a3169146ab8cf6e10ee95476f36e9c24eee2512_0xc6ec9302dad8f6c736c8b88891d1aaf27be536545e0677728ca9f7b31ad9e681", "outcome": "Over", "price": 0.5100000000000001, "proxy_wallet": "0x9770ca178764cdca1271934ad613ad7ab4a10ff5", "side": "BUY", "size": 1017.16, "slug": "mlb-lad-oak-2026-07-01-total-10pt5", "timestamp": "2026-07-01T13:46:35Z", "token_id": "92620761428944922956770224102189954226304053863195882532869152771631024111160", "transaction_hash": "0x8e3f4743e4db1fc272ecf6631a3169146ab8cf6e10ee95476f36e9c24eee2512"}, {"condition_id": "0x9f1fc9fa4e0af34538485d07cd1ca93fd0d7a45989346ed94be84dada491d2a6", "id": "0x0619b2ff280e2a4ba4cac5663fb638f101dbbcf60618308a16abc3760c549d30_0x22d776dcf8fec612c2b115f368b8d6a53c41aaff3436fb88968402f3b5dd963d", "outcome": "Over", "price": 0.509774175, "proxy_wallet": "0x9770ca178764cdca1271934ad613ad7ab4a10ff5", "side": "BUY", "size": 4000, "slug": "mlb-lad-oak-2026-07-01-total-10pt5", "timestamp": "2026-07-01T13:46:29Z", "token_id": "92620761428944922956770224102189954226304053863195882532869152771631024111160", "transaction_hash": "0x0619b2ff280e2a4ba4cac5663fb638f101dbbcf60618308a16abc3760c549d30"}, {"condition_id": "0x9f1fc9fa4e0af34538485d07cd1ca93fd0d7a45989346ed94be84dada491d2a6", "id": "0xfccadcfb9ca7c2af3fb01d1d658ff1af2154179eb142f8c67d7d42d189106d4e_0xe60641637634785bc886d59b8da9e08e190533d1a4567bf4e34c899728a9454b", "outcome": "Over", "price": 0.5063732799999999, "proxy_wallet": "0x9770ca178764cdca1271934ad613ad7ab4a10ff5", "side": "BUY", "size": 5000, "slug": "mlb-lad-oak-2026-07-01-total-10pt5", "timestamp": "2026-07-01T13:46:20Z", "token_id": "92620761428944922956770224102189954226304053863195882532869152771631024111160", "transaction_hash": "0xfccadcfb9ca7c2af3fb01d1d658ff1af2154179eb142f8c67d7d42d189106d4e"}, {"condition_id": "0x9f1fc9fa4e0af34538485d07cd1ca93fd0d7a45989346ed94be84dada491d2a6", "id": "0x1b49f38d7c008c659c6e458bf476f2a4714af53cbd661a1ebe82b85b04667af6_0xe87e9cda0bfde2ed9a5272c97e21f4ea565436fa001884e22db4b29350cdae17", "outcome": "Over", "price": 0.49969126666666663, "proxy_wallet": "0x9770ca178764cdca1271934ad613ad7ab4a10ff5", "side": "BUY", "size": 3000, "slug": "mlb-lad-oak-2026-07-01-total-10pt5", "timestamp": "2026-07-01T13:45:17Z", "token_id": "92620761428944922956770224102189954226304053863195882532869152771631024111160", "transaction_hash": "0x1b49f38d7c008c659c6e458bf476f2a4714af53cbd661a1ebe82b85b04667af6"}, {"condition_id": "0x293aa18bd50ec49cefc2a185332b7ab53765ac0eee8aed6b755d082a06bd5d49", "id": "0xf6dddafef5691a0083763ace53eff761f153fdf62f3b0a024cdf7b53b131671e_0x8d4b2bd0d0071102b7af9eb84352491b83f706572d582d0ad9c7443400c3d992", "outcome": "Arizona Diamondbacks", "price": 0.55, "proxy_wallet": "0x9770ca178764cdca1271934ad613ad7ab4a10ff5", "side": "BUY", "size": 1100, "slug": "mlb-sf-ari-2026-07-01", "timestamp": "2026-07-01T13:43:44Z", "token_id": "1764912591675393443095347989967658067337153959776490141908931674394171045089", "transaction_hash": "0xf6dddafef5691a0083763ace53eff761f153fdf62f3b0a024cdf7b53b131671e"}, {"condition_id": "0x293aa18bd50ec49cefc2a185332b7ab53765ac0eee8aed6b755d082a06bd5d49", "id": "0xeadf3b5cfed4ca12e3cc0d5380114eed92344d42ebf411881b2cadec6e79a74e_0x35d527a63a3c3b4dc0aa2ab65d83f456da4937bcf0119f63021d08c8e6281fbe", "outcome": "Arizona Diamondbacks", "price": 0.54, "proxy_wallet": "0x9770ca178764cdca1271934ad613ad7ab4a10ff5", "side": "BUY", "size": 3206.81, "slug": "mlb-sf-ari-2026-07-01", "timestamp": "2026-07-01T13:20:23Z", "token_id": "1764912591675393443095347989967658067337153959776490141908931674394171045089", "transaction_hash": "0xeadf3b5cfed4ca12e3cc0d5380114eed92344d42ebf411881b2cadec6e79a74e"}, {"condition_id": "0x293aa18bd50ec49cefc2a185332b7ab53765ac0eee8aed6b755d082a06bd5d49", "id": "0x353d9769e865e8469f7b7326bb601363832219fd431f2ac64a9d35a1938af383_0xabc638b94c9f3a7bf45b156e214d4f890e757c9a16c372642290d2d7543cb206", "outcome": "Arizona Diamondbacks", "price": 0.5300000114558634, "proxy_wallet": "0x9770ca178764cdca1271934ad613ad7ab4a10ff5", "side": "BUY", "size": 32.297871, "slug": "mlb-sf-ari-2026-07-01", "timestamp": "2026-07-01T13:20:16Z", "token_id": "1764912591675393443095347989967658067337153959776490141908931674394171045089", "transaction_hash": "0x353d9769e865e8469f7b7326bb601363832219fd431f2ac64a9d35a1938af383"}, {"condition_id": "0x293aa18bd50ec49cefc2a185332b7ab53765ac0eee8aed6b755d082a06bd5d49", "id": "0x8874fb0200632a4ab1a0b84ea1a5a73462b4b51384e7bf51a46f58973690ae42_0xabc638b94c9f3a7bf45b156e214d4f890e757c9a16c372642290d2d7543cb206", "outcome": "Arizona Diamondbacks", "price": 0.53, "proxy_wallet": "0x9770ca178764cdca1271934ad613ad7ab4a10ff5", "side": "BUY", "size": 7027.68, "slug": "mlb-sf-ari-2026-07-01", "timestamp": "2026-07-01T13:20:16Z", "token_id": "1764912591675393443095347989967658067337153959776490141908931674394171045089", "transaction_hash": "0x8874fb0200632a4ab1a0b84ea1a5a73462b4b51384e7bf51a46f58973690ae42"}, {"condition_id": "0x293aa18bd50ec49cefc2a185332b7ab53765ac0eee8aed6b755d082a06bd5d49", "id": "0xfa1720831421d77e3da412e6f6d9b2ab23faf3e6aa63ad11dfd9acb8f0428cd5_0xbfce4f18244026096bf78d74ab0b256835c1bba6eec73c8bdc923920be1ad947", "outcome": "Arizona Diamondbacks", "price": 0.52, "proxy_wallet": "0x9770ca178764cdca1271934ad613ad7ab4a10ff5", "side": "BUY", "size": 2500, "slug": "mlb-sf-ari-2026-07-01", "timestamp": "2026-07-01T13:19:44Z", "token_id": "1764912591675393443095347989967658067337153959776490141908931674394171045089", "transaction_hash": "0xfa1720831421d77e3da412e6f6d9b2ab23faf3e6aa63ad11dfd9acb8f0428cd5"}, {"condition_id": "0x293aa18bd50ec49cefc2a185332b7ab53765ac0eee8aed6b755d082a06bd5d49", "id": "0xd858e25c903f37303de1b2e034da862d92ee90e928f3699d1eedcb61406cef79_0x96dab322a28f13bad4656db3275b96074da9e22871585b2b0acd5945c4b4fdee", "outcome": "Arizona Diamondbacks", "price": 0.52, "proxy_wallet": "0x9770ca178764cdca1271934ad613ad7ab4a10ff5", "side": "BUY", "size": 1500, "slug": "mlb-sf-ari-2026-07-01", "timestamp": "2026-07-01T13:19:31Z", "token_id": "1764912591675393443095347989967658067337153959776490141908931674394171045089", "transaction_hash": "0xd858e25c903f37303de1b2e034da862d92ee90e928f3699d1eedcb61406cef79"}, {"condition_id": "0xf5d3eeed8260951cc0b3d8c63b1415f1321054b45a47ec1dcc8cf8c380192c67", "id": "0xc79db27dcbcfd9212a95ad6f8f2b047e581cbff24a0eca6ff692d1a5aa45c8a3_0xfd407bcb016adaa8e83ad93d785c8fbbe6a2208eb17ec6440c5d874f16ad03fa", "outcome": "Over", "price": 0.46, "proxy_wallet": "0x9770ca178764cdca1271934ad613ad7ab4a10ff5", "side": "BUY", "size": 29000, "slug": "mlb-sd-chc-2026-06-30-total-11pt5", "timestamp": "2026-06-30T22:09:23Z", "token_id": "59041764706889840504610522077702548109981756709924649928505706755397659207126", "transaction_hash": "0xc79db27dcbcfd9212a95ad6f8f2b047e581cbff24a0eca6ff692d1a5aa45c8a3"}, {"condition_id": "0xf5d3eeed8260951cc0b3d8c63b1415f1321054b45a47ec1dcc8cf8c380192c67", "id": "0x49762d8f9b26791eb13b4eee2bd81b049d2ab1393d2930e5009d99a4703533bf_0x1e8d560ac241532378c2397b381d4aa8fed7bd832cfff7a888e29c810c1887cd", "outcome": "Under", "price": 0.53, "proxy_wallet": "0x9770ca178764cdca1271934ad613ad7ab4a10ff5", "side": "BUY", "size": 4000, "slug": "mlb-sd-chc-2026-06-30-total-11pt5", "timestamp": "2026-06-30T21:36:05Z", "token_id": "108045190343341014217504043486985879530660174551915569242482774121817445497717", "transaction_hash": "0x49762d8f9b26791eb13b4eee2bd81b049d2ab1393d2930e5009d99a4703533bf"}, {"condition_id": "0xf5d3eeed8260951cc0b3d8c63b1415f1321054b45a47ec1dcc8cf8c380192c67", "id": "0x778532a17c6e75daea4d0d561c38143711786732f51a4e604a806cacdce2d8d6_0xf14ef5a9d94b9341f47333ae4c13b9e601459834aa1c11387c6f940086b9596a", "outcome": "Under", "price": 0.53, "proxy_wallet": "0x9770ca178764cdca1271934ad613ad7ab4a10ff5", "side": "BUY", "size": 5000, "slug": "mlb-sd-chc-2026-06-30-total-11pt5", "timestamp": "2026-06-30T21:35:37Z", "token_id": "108045190343341014217504043486985879530660174551915569242482774121817445497717", "transaction_hash": "0x778532a17c6e75daea4d0d561c38143711786732f51a4e604a806cacdce2d8d6"}, {"condition_id": "0xf5d3eeed8260951cc0b3d8c63b1415f1321054b45a47ec1dcc8cf8c380192c67", "id": "0x369e375f61c5aaa526b5a24da652e37bc40872873085183f7f5ab92fd9587bcf_0x8a5a246d59b0b59fd898054a64ec0008c18eb407185aecc371faab272c39ea6e", "outcome": "Under", "price": 0.53, "proxy_wallet": "0x9770ca178764cdca1271934ad613ad7ab4a10ff5", "side": "BUY", "size": 10000, "slug": "mlb-sd-chc-2026-06-30-total-11pt5", "timestamp": "2026-06-30T21:35:31Z", "token_id": "108045190343341014217504043486985879530660174551915569242482774121817445497717", "transaction_hash": "0x369e375f61c5aaa526b5a24da652e37bc40872873085183f7f5ab92fd9587bcf"}, {"condition_id": "0xf5d3eeed8260951cc0b3d8c63b1415f1321054b45a47ec1dcc8cf8c380192c67", "id": "0x20c82603ba42ef9a5754c14a454540d911436ad9ffc628deb09481dcb327e686_0xc91971a288b2da730670300407e4b172add06e94fa695125f2aa8ee44e8916a4", "outcome": "Under", "price": 0.53, "proxy_wallet": "0x9770ca178764cdca1271934ad613ad7ab4a10ff5", "side": "BUY", "size": 10000, "slug": "mlb-sd-chc-2026-06-30-total-11pt5", "timestamp": "2026-06-30T21:35:11Z", "token_id": "108045190343341014217504043486985879530660174551915569242482774121817445497717", "transaction_hash": "0x20c82603ba42ef9a5754c14a454540d911436ad9ffc628deb09481dcb327e686"}, {"condition_id": "0xc65d4e7f6f5bb008ec087c398472fd94fafe9f1d3d216283f0beb100a309042e", "id": "0xab6a66fa1ccd7945846841cde4ed76fd028c5fb3d2f716b5366f33e845659dce_0x3714e38ed4676b913559f66b71a3f9aa39e0e3552957d48b9f4d34aa20261fb3", "outcome": "Colorado Rockies", "price": 0.44, "proxy_wallet": "0x9770ca178764cdca1271934ad613ad7ab4a10ff5", "side": "BUY", "size": 1000, "slug": "mlb-mia-col-2026-06-30", "timestamp": "2026-06-30T14:31:37Z", "token_id": "50916576962087388762658214124963475747354132412168089738112466186156583474724", "transaction_hash": "0xab6a66fa1ccd7945846841cde4ed76fd028c5fb3d2f716b5366f33e845659dce"}, {"condition_id": "0xc65d4e7f6f5bb008ec087c398472fd94fafe9f1d3d216283f0beb100a309042e", "id": "0x502e82d908957e31a02a499b641c74bdd0ba1e2c64ef22f12c845a73b618afa2_0xef418322d81ace921b4ec3cd76dec43dfeb843601ff76c73d64a8acc1f7b14d3", "outcome": "Colorado Rockies", "price": 0.44, "proxy_wallet": "0x9770ca178764cdca1271934ad613ad7ab4a10ff5", "side": "BUY", "size": 1000, "slug": "mlb-mia-col-2026-06-30", "timestamp": "2026-06-30T14:31:23Z", "token_id": "50916576962087388762658214124963475747354132412168089738112466186156583474724", "transaction_hash": "0x502e82d908957e31a02a499b641c74bdd0ba1e2c64ef22f12c845a73b618afa2"}, {"condition_id": "0xc65d4e7f6f5bb008ec087c398472fd94fafe9f1d3d216283f0beb100a309042e", "id": "0xeb92f76aef045bf89f65ec22a9e8b2b0b25b5349d6eb716e1da4b0b53445e796_0x2fd8e26745581a426d19aa5b3ecd84a8f89f704e2326078ed33afb886bd2bb95", "outcome": "Colorado Rockies", "price": 0.44, "proxy_wallet": "0x9770ca178764cdca1271934ad613ad7ab4a10ff5", "side": "BUY", "size": 1000, "slug": "mlb-mia-col-2026-06-30", "timestamp": "2026-06-30T14:31:19Z", "token_id": "50916576962087388762658214124963475747354132412168089738112466186156583474724", "transaction_hash": "0xeb92f76aef045bf89f65ec22a9e8b2b0b25b5349d6eb716e1da4b0b53445e796"}, {"condition_id": "0xc65d4e7f6f5bb008ec087c398472fd94fafe9f1d3d216283f0beb100a309042e", "id": "0x5a896901c2a724127d7ebabb33b48e5fa54cc00c8c9869479858fe3a1217021e_0x44da3df678d9079f7e9f66211025df620aa4fa777f26939f8bb8d453810de9a6", "outcome": "Colorado Rockies", "price": 0.44, "proxy_wallet": "0x9770ca178764cdca1271934ad613ad7ab4a10ff5", "side": "BUY", "size": 1000, "slug": "mlb-mia-col-2026-06-30", "timestamp": "2026-06-30T14:31:16Z", "token_id": "50916576962087388762658214124963475747354132412168089738112466186156583474724", "transaction_hash": "0x5a896901c2a724127d7ebabb33b48e5fa54cc00c8c9869479858fe3a1217021e"}, {"condition_id": "0xc65d4e7f6f5bb008ec087c398472fd94fafe9f1d3d216283f0beb100a309042e", "id": "0x31f26712b91c1506bb2313ae08e22f30c6a5ff0a71f6d282cf9128e8cb0bf5bc_0x582b558f308b0ef776e0975b890eef92b9127bc5e3f1846bec58f9eb018aa684", "outcome": "Colorado Rockies", "price": 0.44, "proxy_wallet": "0x9770ca178764cdca1271934ad613ad7ab4a10ff5", "side": "BUY", "size": 2000, "slug": "mlb-mia-col-2026-06-30", "timestamp": "2026-06-30T14:31:10Z", "token_id": "50916576962087388762658214124963475747354132412168089738112466186156583474724", "transaction_hash": "0x31f26712b91c1506bb2313ae08e22f30c6a5ff0a71f6d282cf9128e8cb0bf5bc"}, {"condition_id": "0xc65d4e7f6f5bb008ec087c398472fd94fafe9f1d3d216283f0beb100a309042e", "id": "0x03e9b53275b46d67d2df7082a3bf8dea42e2614d102a76cab07a43f5c7c26321_0xe6ba8349db0cf643c94519c8800f3551979b2e8d1564fdec3b8620ee7f4ef674", "outcome": "Colorado Rockies", "price": 0.43736758333333337, "proxy_wallet": "0x9770ca178764cdca1271934ad613ad7ab4a10ff5", "side": "BUY", "size": 6000, "slug": "mlb-mia-col-2026-06-30", "timestamp": "2026-06-30T14:28:10Z", "token_id": "50916576962087388762658214124963475747354132412168089738112466186156583474724", "transaction_hash": "0x03e9b53275b46d67d2df7082a3bf8dea42e2614d102a76cab07a43f5c7c26321"}, {"condition_id": "0xc65d4e7f6f5bb008ec087c398472fd94fafe9f1d3d216283f0beb100a309042e", "id": "0x2f670d321b77c90db3682741d5cb501c887af0e6e78d6988f721b7814c56bed1_0xb2b54a0d0fc2288aca25a1a950b93e4b1bafd15f2bc901a0f37d5fb11c98a077", "outcome": "Colorado Rockies", "price": 0.42974300000000004, "proxy_wallet": "0x9770ca178764cdca1271934ad613ad7ab4a10ff5", "side": "BUY", "size": 10000, "slug": "mlb-mia-col-2026-06-30", "timestamp": "2026-06-30T14:27:29Z", "token_id": "50916576962087388762658214124963475747354132412168089738112466186156583474724", "transaction_hash": "0x2f670d321b77c90db3682741d5cb501c887af0e6e78d6988f721b7814c56bed1"}, {"condition_id": "0xc65d4e7f6f5bb008ec087c398472fd94fafe9f1d3d216283f0beb100a309042e", "id": "0x75beca4368f9cc6bf6f8c627f4de5940088b4a082ffc78048fb95ded38b903fd_0xe9156742fc34a9e056e641679b5c90903286c89f781865d234a79a919640fb60", "outcome": "Colorado Rockies", "price": 0.429476, "proxy_wallet": "0x9770ca178764cdca1271934ad613ad7ab4a10ff5", "side": "BUY", "size": 5000, "slug": "mlb-mia-col-2026-06-30", "timestamp": "2026-06-30T14:27:20Z", "token_id": "50916576962087388762658214124963475747354132412168089738112466186156583474724", "transaction_hash": "0x75beca4368f9cc6bf6f8c627f4de5940088b4a082ffc78048fb95ded38b903fd"}, {"condition_id": "0x6812120aca1f7d56e120dcac2f2a174b73f5a4f1fd1bdcaa21949168747d1231", "id": "0xadcdd963a56be41300d7a3a815c4551d1160101ece0b10e1d01f5eacbfcecf34_0x28eaa58a10a1976366d9be15c06293cf430e448acf204ba3ca78bc442c142c3d", "outcome": "Kansas City Royals", "price": 0.59, "proxy_wallet": "0x9770ca178764cdca1271934ad613ad7ab4a10ff5", "side": "BUY", "size": 1200, "slug": "mlb-tb-kc-2026-06-30-spread-away-1pt5", "timestamp": "2026-06-30T14:03:41Z", "token_id": "53485286699617781746413821668049810037500114663640535037518210229746791093837", "transaction_hash": "0xadcdd963a56be41300d7a3a815c4551d1160101ece0b10e1d01f5eacbfcecf34"}, {"condition_id": "0x6812120aca1f7d56e120dcac2f2a174b73f5a4f1fd1bdcaa21949168747d1231", "id": "0xcda1532a5a0192576466cc1e1600bcc3e97b03603436311b38051f56cdb94740_0x9875722b2ef9c179cd11ed8f2b5d048cfc4d4615c7bd487dcedfbb4a9eb8267b", "outcome": "Kansas City Royals", "price": 0.58, "proxy_wallet": "0x9770ca178764cdca1271934ad613ad7ab4a10ff5", "side": "BUY", "size": 20, "slug": "mlb-tb-kc-2026-06-30-spread-away-1pt5", "timestamp": "2026-06-30T14:03:35Z", "token_id": "53485286699617781746413821668049810037500114663640535037518210229746791093837", "transaction_hash": "0xcda1532a5a0192576466cc1e1600bcc3e97b03603436311b38051f56cdb94740"}, {"condition_id": "0x21e9d9dc86727d9992bb3242da3e69f11d2f80cc6a578164c1d1b5a4b640abcb", "id": "0x1f1a1150fd0276568e603dc3c1d4f3a44bca450d4659acb54c0bf5f0e826fbfd_0xed0bb0e432ba0d6e2af5d1e545da6fadbeeff85558649bddf967c71a8305533f", "outcome": "Kansas City Royals", "price": 0.4697061405182612, "proxy_wallet": "0x9770ca178764cdca1271934ad613ad7ab4a10ff5", "side": "BUY", "size": 786.09, "slug": "mlb-tb-kc-2026-06-30", "timestamp": "2026-06-30T14:03:16Z", "token_id": "15342689938784605536801282215928680870557659908332400253870222373183490665884", "transaction_hash": "0x1f1a1150fd0276568e603dc3c1d4f3a44bca450d4659acb54c0bf5f0e826fbfd"}, {"condition_id": "0x6812120aca1f7d56e120dcac2f2a174b73f5a4f1fd1bdcaa21949168747d1231", "id": "0xa5446906c1e47d365dee0459e8f0a90497900f566e0d16b65abd237da8c1e1fe_0x6b73303fc259408992fa033648965a0c580716e9f783996e6bdd91841e41b28b", "outcome": "Kansas City Royals", "price": 0.5797259, "proxy_wallet": "0x9770ca178764cdca1271934ad613ad7ab4a10ff5", "side": "BUY", "size": 5000, "slug": "mlb-tb-kc-2026-06-30-spread-away-1pt5", "timestamp": "2026-06-30T14:02:58Z", "token_id": "53485286699617781746413821668049810037500114663640535037518210229746791093837", "transaction_hash": "0xa5446906c1e47d365dee0459e8f0a90497900f566e0d16b65abd237da8c1e1fe"}, {"condition_id": "0x6812120aca1f7d56e120dcac2f2a174b73f5a4f1fd1bdcaa21949168747d1231", "id": "0x8c906973376f78898f33de499f4a4006c43b77b7c347fef2f067d0ec7744b053_0x1fa18a7a706e41581acec02b2f3e1316084b3d9074259aeedaf149c61bf9f224", "outcome": "Kansas City Royals", "price": 0.57, "proxy_wallet": "0x9770ca178764cdca1271934ad613ad7ab4a10ff5", "side": "BUY", "size": 1200, "slug": "mlb-tb-kc-2026-06-30-spread-away-1pt5", "timestamp": "2026-06-30T14:02:50Z", "token_id": "53485286699617781746413821668049810037500114663640535037518210229746791093837", "transaction_hash": "0x8c906973376f78898f33de499f4a4006c43b77b7c347fef2f067d0ec7744b053"}, {"condition_id": "0x21e9d9dc86727d9992bb3242da3e69f11d2f80cc6a578164c1d1b5a4b640abcb", "id": "0x69fe13846cb0cd83463e89f56caaae86d1f567335245e298fc5e3942cec970e7_0xa22fab8f778a074af6c6d6d819c42a04b1b9b6709809ee466b3266a13b623e6b", "outcome": "Kansas City Royals", "price": 0.46991499999999997, "proxy_wallet": "0x9770ca178764cdca1271934ad613ad7ab4a10ff5", "side": "BUY", "size": 3000, "slug": "mlb-tb-kc-2026-06-30", "timestamp": "2026-06-30T14:02:43Z", "token_id": "15342689938784605536801282215928680870557659908332400253870222373183490665884", "transaction_hash": "0x69fe13846cb0cd83463e89f56caaae86d1f567335245e298fc5e3942cec970e7"}, {"condition_id": "0x21e9d9dc86727d9992bb3242da3e69f11d2f80cc6a578164c1d1b5a4b640abcb", "id": "0xdf91ddd50eca2d342b05fd2d83d34d37224899f531bc59a3b3192bd22ba2f256_0x34e710d0dc63b6a96efae7577581d3dc5304fbb5a57893be0b9d051f2ee20d7a", "outcome": "Kansas City Royals", "price": 0.46970401333333334, "proxy_wallet": "0x9770ca178764cdca1271934ad613ad7ab4a10ff5", "side": "BUY", "size": 3000, "slug": "mlb-tb-kc-2026-06-30", "timestamp": "2026-06-30T14:02:38Z", "token_id": "15342689938784605536801282215928680870557659908332400253870222373183490665884", "transaction_hash": "0xdf91ddd50eca2d342b05fd2d83d34d37224899f531bc59a3b3192bd22ba2f256"}, {"condition_id": "0x6812120aca1f7d56e120dcac2f2a174b73f5a4f1fd1bdcaa21949168747d1231", "id": "0x1dd6ab7c73a6149f99476162481cc0b48f4b5ffcbd4122b0cbab5137b1677884_0xb69f9d81c31b84db55f78af704881fcafa5074eabcd262dbcdb73d3225e94d39", "outcome": "Kansas City Royals", "price": 0.57, "proxy_wallet": "0x9770ca178764cdca1271934ad613ad7ab4a10ff5", "side": "BUY", "size": 4000, "slug": "mlb-tb-kc-2026-06-30-spread-away-1pt5", "timestamp": "2026-06-30T14:02:26Z", "token_id": "53485286699617781746413821668049810037500114663640535037518210229746791093837", "transaction_hash": "0x1dd6ab7c73a6149f99476162481cc0b48f4b5ffcbd4122b0cbab5137b1677884"}, {"condition_id": "0x21e9d9dc86727d9992bb3242da3e69f11d2f80cc6a578164c1d1b5a4b640abcb", "id": "0x5ead03960ed0c969fcff8a2ebc6f572e06aa18c232bd321a46cb2b811591f43a_0xb7168b4a613bee60a5f235c216dea01c9118ea68769ca0b3161e69f4d2bd741f", "outcome": "Kansas City Royals", "price": 0.47, "proxy_wallet": "0x9770ca178764cdca1271934ad613ad7ab4a10ff5", "side": "BUY", "size": 5000, "slug": "mlb-tb-kc-2026-06-30", "timestamp": "2026-06-30T14:02:02Z", "token_id": "15342689938784605536801282215928680870557659908332400253870222373183490665884", "transaction_hash": "0x5ead03960ed0c969fcff8a2ebc6f572e06aa18c232bd321a46cb2b811591f43a"}, {"condition_id": "0x21e9d9dc86727d9992bb3242da3e69f11d2f80cc6a578164c1d1b5a4b640abcb", "id": "0xb7196073c53391b589a31ec38c48b49483acdcbbfa1f5ba1cd7a15653a5c82a3_0x844224edf3a20113e94d1cb7e85182acb585d4dcc933ff3591889e7437fc134b", "outcome": "Kansas City Royals", "price": 0.4673778, "proxy_wallet": "0x9770ca178764cdca1271934ad613ad7ab4a10ff5", "side": "BUY", "size": 5000, "slug": "mlb-tb-kc-2026-06-30", "timestamp": "2026-06-30T14:01:58Z", "token_id": "15342689938784605536801282215928680870557659908332400253870222373183490665884", "transaction_hash": "0xb7196073c53391b589a31ec38c48b49483acdcbbfa1f5ba1cd7a15653a5c82a3"}, {"condition_id": "0x21e9d9dc86727d9992bb3242da3e69f11d2f80cc6a578164c1d1b5a4b640abcb", "id": "0x7572f6e82ad06c64c6af1a281638fbdb6e745141defc920f7e12f7f7ccfe4a4c_0xf0e7e243d7597a4065c60e2fad8c0fec2c90dd8750e5fc3249cef090db80920a", "outcome": "Kansas City Royals", "price": 0.46880642857142857, "proxy_wallet": "0x9770ca178764cdca1271934ad613ad7ab4a10ff5", "side": "BUY", "size": 7000, "slug": "mlb-tb-kc-2026-06-30", "timestamp": "2026-06-30T14:01:46Z", "token_id": "15342689938784605536801282215928680870557659908332400253870222373183490665884", "transaction_hash": "0x7572f6e82ad06c64c6af1a281638fbdb6e745141defc920f7e12f7f7ccfe4a4c"}, {"condition_id": "0x5d57371510134a140e75dd11eb6f7f41e7fac286772a338ae0d13f2c65be9dc1", "id": "0xcca072c43f47e0c1edc1c5b775ecf0e27e217b82e30dfec0ea26ba4ce55c24e0_0x6ad2a9e14275185c71f75605378206c8149b5deedf6c6f7f2f351a8cbbb0abc7", "outcome": "Detroit Tigers", "price": 0.47100000000000003, "proxy_wallet": "0x9770ca178764cdca1271934ad613ad7ab4a10ff5", "side": "BUY", "size": 400, "slug": "mlb-det-nyy-2026-06-30", "timestamp": "2026-06-30T13:47:26Z", "token_id": "38285451719285406466223988635695705899777625625083083463489941788265494934562", "transaction_hash": "0xcca072c43f47e0c1edc1c5b775ecf0e27e217b82e30dfec0ea26ba4ce55c24e0"}, {"condition_id": "0x5d57371510134a140e75dd11eb6f7f41e7fac286772a338ae0d13f2c65be9dc1", "id": "0xc0e4f95f24d794149da54594e0fc3f850b919fc01a7b7a1cfab1713a89fc7bb6_0xc1361de05897ec6929c0bca764476e6eccf9b5a97178e9ccda80f30c22732532", "outcome": "Detroit Tigers", "price": 0.47000000000000003, "proxy_wallet": "0x9770ca178764cdca1271934ad613ad7ab4a10ff5", "side": "BUY", "size": 319, "slug": "mlb-det-nyy-2026-06-30", "timestamp": "2026-06-30T13:47:19Z", "token_id": "38285451719285406466223988635695705899777625625083083463489941788265494934562", "transaction_hash": "0xc0e4f95f24d794149da54594e0fc3f850b919fc01a7b7a1cfab1713a89fc7bb6"}, {"condition_id": "0x5d57371510134a140e75dd11eb6f7f41e7fac286772a338ae0d13f2c65be9dc1", "id": "0xf59332a286039e900d0b648e5e5a6bc37acb6eac365f24e23e85645895f2f39c_0xea35be8bc9a0a6794165ecb8499cc122bf223d3f6598586952773760f6c8fc0f", "outcome": "Detroit Tigers", "price": 0.461, "proxy_wallet": "0x9770ca178764cdca1271934ad613ad7ab4a10ff5", "side": "BUY", "size": 549, "slug": "mlb-det-nyy-2026-06-30", "timestamp": "2026-06-30T13:29:05Z", "token_id": "38285451719285406466223988635695705899777625625083083463489941788265494934562", "transaction_hash": "0xf59332a286039e900d0b648e5e5a6bc37acb6eac365f24e23e85645895f2f39c"}, {"condition_id": "0x5d57371510134a140e75dd11eb6f7f41e7fac286772a338ae0d13f2c65be9dc1", "id": "0xda0c5900b1029d7e75d230d0ee071043f1ddd0bc21055334d6d937bb7750b213_0xbbdccdf792b8d00b1f591760b6419b57eda256140e74271dd47254c3f144274d", "outcome": "Detroit Tigers", "price": 0.46, "proxy_wallet": "0x9770ca178764cdca1271934ad613ad7ab4a10ff5", "side": "BUY", "size": 500, "slug": "mlb-det-nyy-2026-06-30", "timestamp": "2026-06-30T13:29:02Z", "token_id": "38285451719285406466223988635695705899777625625083083463489941788265494934562", "transaction_hash": "0xda0c5900b1029d7e75d230d0ee071043f1ddd0bc21055334d6d937bb7750b213"}, {"condition_id": "0x5d57371510134a140e75dd11eb6f7f41e7fac286772a338ae0d13f2c65be9dc1", "id": "0x14c5f89d07b7fdb465b3103c269069c0f84c88a0c5bdcde810a36abe8a2521e2_0xb18230332bd7b770a7f666c8eda950c2c36e5c0e0c084c495be17ca50907cc2b", "outcome": "Detroit Tigers", "price": 0.455, "proxy_wallet": "0x9770ca178764cdca1271934ad613ad7ab4a10ff5", "side": "BUY", "size": 200, "slug": "mlb-det-nyy-2026-06-30", "timestamp": "2026-06-30T13:28:29Z", "token_id": "38285451719285406466223988635695705899777625625083083463489941788265494934562", "transaction_hash": "0x14c5f89d07b7fdb465b3103c269069c0f84c88a0c5bdcde810a36abe8a2521e2"}, {"condition_id": "0x6b9216836a42edd951be87b3a7e11532058687d97e84c75773dd442af1a51cf6", "id": "0xe917449f1f4953495d95f4cea204ef503408b3680f46974dfad07ba51b1fe819_0xd9ff1725a64b9b6a5c597e16eb0fab3b3f0008d9f74e558d2fd14f0c92068b0d", "outcome": "Under", "price": 0.54, "proxy_wallet": "0x9770ca178764cdca1271934ad613ad7ab4a10ff5", "side": "BUY", "size": 999.99, "slug": "mlb-stl-atl-2026-06-30-total-9pt5", "timestamp": "2026-06-30T12:32:59Z", "token_id": "23980284843489787009838300015612288487597476642447543619724854372510143944887", "transaction_hash": "0xe917449f1f4953495d95f4cea204ef503408b3680f46974dfad07ba51b1fe819"}], "polled_at": "2026-07-02T01:50:18.152469+00:00"}