{"wallet": "0x8a269634753d90783f52c58e5ae9a8b9679e937e", "total_trades_90d": 200, "mlb_trades_count": 50, "mlb_condition_ids": ["0x036b0c654502bb269410e8353735575a9203fc24acb8a321b6945c9d7ef7f25f", "0x4d6da45502cba72162462a4bf8d404f0a25be59e73c8622cb3c9f4e32602f369", "0x5c16576775aaa463cd9da6db82d35459287a092319724d626f2094169babc804", "0x600b08997c6fddf5bdb27e65a22b597801112c20845a6caad9406a8c81cba7e4", "0x777a541c11b5bcad29527554face8fae16c9bd81d3db9ecfc15b8aa565f00b22", "0x837b796bb05855b5c76229f0e1ad786d8228ec8baed86f9bf8757bc5b4e5bba0", "0x84a221a1818f255df6dee1848285e45ec6c1a91a14f827c5bea5d432cdcd4848", "0x92d1554c56357d9c2a8e6c64f85258c07e78b75bb1adb3147d037a9ab8a479d5", "0x994f74d8551af44bf5bff87c229dba0962d1b6ce3418ac0e991b7fb83ae1930c", "0xe41d7765de1a7284223b88475ce83a497e758bf6d355e3fd23bceda348812e38", "0xe91a3fd9e7335667c3b418b89e08502bfd19088716f28019f86bbe3961135eb7"], "mlb_trade_details": [{"condition_id": "0x84a221a1818f255df6dee1848285e45ec6c1a91a14f827c5bea5d432cdcd4848", "id": "0x189d2c019ca1633f8cd345230d253ab16104b059730b40477f6bbbc57c1ab330_0x0f8714ed1a78cfe1db3422533352a2ee08689da5420fb30d7f75eab17ca1f83e", "outcome": "Atlanta Braves", "price": 0.9, "proxy_wallet": "0x8a269634753d90783f52c58e5ae9a8b9679e937e", "side": "BUY", "size": 3333.33333, "slug": "mlb-stl-atl-2026-07-01", "timestamp": "2026-07-02T01:13:26Z", "token_id": "107405328512889721318534942028018733553421297558008159176285236583622916438853", "transaction_hash": "0x189d2c019ca1633f8cd345230d253ab16104b059730b40477f6bbbc57c1ab330"}, {"condition_id": "0x84a221a1818f255df6dee1848285e45ec6c1a91a14f827c5bea5d432cdcd4848", "id": "0x928178119acfc5d026a1848e9a1e3b265a4c1482db85c50a286d3057d5d98c6e_0x083a411d262473556b4e16a67486739c03c1ec527aed86c177a134c1256211dc", "outcome": "Atlanta Braves", "price": 0.88, "proxy_wallet": "0x8a269634753d90783f52c58e5ae9a8b9679e937e", "side": "BUY", "size": 68.59, "slug": "mlb-stl-atl-2026-07-01", "timestamp": "2026-07-02T01:08:38Z", "token_id": "107405328512889721318534942028018733553421297558008159176285236583622916438853", "transaction_hash": "0x928178119acfc5d026a1848e9a1e3b265a4c1482db85c50a286d3057d5d98c6e"}, {"condition_id": "0x4d6da45502cba72162462a4bf8d404f0a25be59e73c8622cb3c9f4e32602f369", "id": "0x3aee5efb85010fd36fa4d9d645f7293d4f39df745b1f542cbf1f644657e3eea8_0xf4de4ba79ddd95d0237b7fbfae27b34c8e6a3d52a883533b8350a134cbba3b10", "outcome": "Athletics", "price": 0.5110611470045592, "proxy_wallet": "0x8a269634753d90783f52c58e5ae9a8b9679e937e", "side": "BUY", "size": 19567.130191, "slug": "mlb-lad-oak-2026-07-01-spread-away-1pt5", "timestamp": "2026-07-01T23:58:04Z", "token_id": "35745427557345507562070639963785505730393476019933255633900999747048809241330", "transaction_hash": "0x3aee5efb85010fd36fa4d9d645f7293d4f39df745b1f542cbf1f644657e3eea8"}, {"condition_id": "0x4d6da45502cba72162462a4bf8d404f0a25be59e73c8622cb3c9f4e32602f369", "id": "0x5ea329946350f9d6e6c48cbc7ae79669fbed751d0b531979ef88273bda1df5c4_0x79063e8041b1ca8405bea609af4669980b0d7782f1e0438cd13bda7f1a735e0f", "outcome": "Athletics", "price": 0.5040680714787366, "proxy_wallet": "0x8a269634753d90783f52c58e5ae9a8b9679e937e", "side": "BUY", "size": 39677.180783, "slug": "mlb-lad-oak-2026-07-01-spread-away-1pt5", "timestamp": "2026-07-01T23:57:44Z", "token_id": "35745427557345507562070639963785505730393476019933255633900999747048809241330", "transaction_hash": "0x5ea329946350f9d6e6c48cbc7ae79669fbed751d0b531979ef88273bda1df5c4"}, {"condition_id": "0xe91a3fd9e7335667c3b418b89e08502bfd19088716f28019f86bbe3961135eb7", "id": "0x4945e4ea2df2d02548309ceae7f4a7f284437c0946e4e9c3455edb2660977003_0xf0a4981c3dad80e3a4a29e5cf075a9d30b365e9ffe735a8ab09bb5175ef16620", "outcome": "Over", "price": 0.8688584710587466, "proxy_wallet": "0x8a269634753d90783f52c58e5ae9a8b9679e937e", "side": "BUY", "size": 1323.575746, "slug": "mlb-pit-phi-2026-07-01-total-8pt5", "timestamp": "2026-07-01T23:30:35Z", "token_id": "18719863580893393583914078617895052493477094340806720199840204778565689583630", "transaction_hash": "0x4945e4ea2df2d02548309ceae7f4a7f284437c0946e4e9c3455edb2660977003"}, {"condition_id": "0x837b796bb05855b5c76229f0e1ad786d8228ec8baed86f9bf8757bc5b4e5bba0", "id": "0xd75a05eb02810db2f1072a86699bb08d4151f68b1a5bb769a070ea4b17e26849_0x7a51502d6666ea618cfc66a5922a206a30739b75b260e807325a222338e7ba1a", "outcome": "Over", "price": 0.5099999999354, "proxy_wallet": "0x8a269634753d90783f52c58e5ae9a8b9679e937e", "side": "BUY", "size": 2941.176469, "slug": "mlb-tb-kc-2026-07-01-total-10pt5", "timestamp": "2026-07-01T23:29:49Z", "token_id": "32373857981415318928615439883661444566095747745622896115976888873645628733042", "transaction_hash": "0xd75a05eb02810db2f1072a86699bb08d4151f68b1a5bb769a070ea4b17e26849"}, {"condition_id": "0x036b0c654502bb269410e8353735575a9203fc24acb8a321b6945c9d7ef7f25f", "id": "0xc188dcc997b74b5d0b099f76851cd5a27603a0a4270ef000130cd191426fca97_0xbb7f1adfce499b8e69e58b2a9dde2c12915ad01f6d23e00256a283593bb8352e", "outcome": "Tampa Bay Rays", "price": 0.5799999999304, "proxy_wallet": "0x8a269634753d90783f52c58e5ae9a8b9679e937e", "side": "BUY", "size": 5172.413792, "slug": "mlb-tb-kc-2026-07-01", "timestamp": "2026-07-01T23:29:38Z", "token_id": "40790751814144901788779780161768084552835822185953930666670964684954911865209", "transaction_hash": "0xc188dcc997b74b5d0b099f76851cd5a27603a0a4270ef000130cd191426fca97"}, {"condition_id": "0x92d1554c56357d9c2a8e6c64f85258c07e78b75bb1adb3147d037a9ab8a479d5", "id": "0xc316e47f0da3007a1dd2642c8e600468e878326bac3af3aa8f2b220ef842541c_0xfbbfcba5b7db91929090b0c1eb14d711156fd410d7782cf2829b5b13fd491d0d", "outcome": "Atlanta Braves", "price": 0.37999999993008005, "proxy_wallet": "0x8a269634753d90783f52c58e5ae9a8b9679e937e", "side": "BUY", "size": 6578.947367, "slug": "mlb-stl-atl-2026-07-01-spread-home-1pt5", "timestamp": "2026-07-01T23:12:14Z", "token_id": "52507956534628300524877574983635116593874938833709694044649888884437437124226", "transaction_hash": "0xc316e47f0da3007a1dd2642c8e600468e878326bac3af3aa8f2b220ef842541c"}, {"condition_id": "0x994f74d8551af44bf5bff87c229dba0962d1b6ce3418ac0e991b7fb83ae1930c", "id": "0xe48a80c6dbcee49500822ef20b2f2461746016a3f20ed0e87f5588225c9e90e6_0xd79e0227ce8974de25e7334addcb1c8d1726ad8518712be042116f6d7a90e32b", "outcome": "Under", "price": 0.6199999999681144, "proxy_wallet": "0x8a269634753d90783f52c58e5ae9a8b9679e937e", "side": "BUY", "size": 5645.161289, "slug": "mlb-pit-phi-2026-07-01-total-7pt5", "timestamp": "2026-07-01T23:04:14Z", "token_id": "66403996382221167233015181438661380328532529771431980099579826413881226266116", "transaction_hash": "0xe48a80c6dbcee49500822ef20b2f2461746016a3f20ed0e87f5588225c9e90e6"}, {"condition_id": "0x777a541c11b5bcad29527554face8fae16c9bd81d3db9ecfc15b8aa565f00b22", "id": "0xe9569a8b68c221f1f13b32faa020bdf840806763f9cc33aa76bc618d2cf7812c_0xdc24e8d48335da065ef9f99b17c95ed149e90e5e71f21af6105af0098bb7164d", "outcome": "Philadelphia Phillies", "price": 0.42978659374063327, "proxy_wallet": "0x8a269634753d90783f52c58e5ae9a8b9679e937e", "side": "BUY", "size": 11633.680696, "slug": "mlb-pit-phi-2026-07-01-spread-home-1pt5", "timestamp": "2026-07-01T23:04:02Z", "token_id": "103804099901451298041095974570831419185190085463164693328780768096544447450321", "transaction_hash": "0xe9569a8b68c221f1f13b32faa020bdf840806763f9cc33aa76bc618d2cf7812c"}, {"condition_id": "0xe41d7765de1a7284223b88475ce83a497e758bf6d355e3fd23bceda348812e38", "id": "0x1bd8ee5fc10b9789b305d0431841c989cb6d2803b96d4ceda544d3727e38313b_0x8aabbe00dc2f193432a72ed1db0bb9783001e7114c0d7234153bcd249afafee4", "outcome": "Under", "price": 0.5599999999552, "proxy_wallet": "0x8a269634753d90783f52c58e5ae9a8b9679e937e", "side": "BUY", "size": 2678.571427, "slug": "mlb-mia-col-2026-07-01-total-11pt5", "timestamp": "2026-07-01T23:02:43Z", "token_id": "6515714086678686965167013485177068666040412925367310925077303305883656898212", "transaction_hash": "0x1bd8ee5fc10b9789b305d0431841c989cb6d2803b96d4ceda544d3727e38313b"}, {"condition_id": "0x600b08997c6fddf5bdb27e65a22b597801112c20845a6caad9406a8c81cba7e4", "id": "0x1b4645b4cc7fd08cedfbe66a7bb470151fb9b138cb32b60d20e51101c669e562_0x9cc7f9abcc32e7cbdcd283bc775fe518c9a725665603bbf4224e34df0181cbbc", "outcome": "Minnesota Twins", "price": 0.6299999999412, "proxy_wallet": "0x8a269634753d90783f52c58e5ae9a8b9679e937e", "side": "BUY", "size": 2380.952378, "slug": "mlb-min-hou-2026-07-01-spread-home-1pt5", "timestamp": "2026-07-01T23:02:07Z", "token_id": "71012668054700972369294102168654859337905154941596835740023498672906887468193", "transaction_hash": "0x1b4645b4cc7fd08cedfbe66a7bb470151fb9b138cb32b60d20e51101c669e562"}, {"condition_id": "0x5c16576775aaa463cd9da6db82d35459287a092319724d626f2094169babc804", "id": "0xb84d5d45742a74c289f166d3983e9ae474cb468368465e46a9411e722e509f7e_0xfd28d098145cd8c0f816cfee29944427719a11c3580bd4530ff1a27423fcaf85", "outcome": "St. Louis Cardinals", "price": 0.9989999999999999, "proxy_wallet": "0x8a269634753d90783f52c58e5ae9a8b9679e937e", "side": "SELL", "size": 226.68, "slug": "mlb-stl-atl-2026-06-30-spread-home-1pt5", "timestamp": "2026-07-01T02:18:38Z", "token_id": "51697208736432900184133333823397421903720034958298120139719794602094571192982", "transaction_hash": "0xb84d5d45742a74c289f166d3983e9ae474cb468368465e46a9411e722e509f7e"}, {"condition_id": "0x5c16576775aaa463cd9da6db82d35459287a092319724d626f2094169babc804", "id": "0x24f0911bdbbc9433bbc93166bb8a6b24adc89aa91f12d40c04af0aa246807ed3_0xfd28d098145cd8c0f816cfee29944427719a11c3580bd4530ff1a27423fcaf85", "outcome": "St. Louis Cardinals", "price": 0.999, "proxy_wallet": "0x8a269634753d90783f52c58e5ae9a8b9679e937e", "side": "SELL", "size": 450, "slug": "mlb-stl-atl-2026-06-30-spread-home-1pt5", "timestamp": "2026-07-01T02:18:38Z", "token_id": "51697208736432900184133333823397421903720034958298120139719794602094571192982", "transaction_hash": "0x24f0911bdbbc9433bbc93166bb8a6b24adc89aa91f12d40c04af0aa246807ed3"}, {"condition_id": "0x5c16576775aaa463cd9da6db82d35459287a092319724d626f2094169babc804", "id": "0xfd2723e49a385bc4f51a295e9dd15169598330f6e6a84091a228162f9919b498_0xfd28d098145cd8c0f816cfee29944427719a11c3580bd4530ff1a27423fcaf85", "outcome": "St. Louis Cardinals", "price": 0.9990000000000001, "proxy_wallet": "0x8a269634753d90783f52c58e5ae9a8b9679e937e", "side": "SELL", "size": 675, "slug": "mlb-stl-atl-2026-06-30-spread-home-1pt5", "timestamp": "2026-07-01T02:18:38Z", "token_id": "51697208736432900184133333823397421903720034958298120139719794602094571192982", "transaction_hash": "0xfd2723e49a385bc4f51a295e9dd15169598330f6e6a84091a228162f9919b498"}, {"condition_id": "0x5c16576775aaa463cd9da6db82d35459287a092319724d626f2094169babc804", "id": "0xdf3f552de904844e62a6dea61566ed8a3b6f18c65b44b2d9d47c1f9689faadf3_0xfd28d098145cd8c0f816cfee29944427719a11c3580bd4530ff1a27423fcaf85", "outcome": "St. Louis Cardinals", "price": 0.9989999999999999, "proxy_wallet": "0x8a269634753d90783f52c58e5ae9a8b9679e937e", "side": "SELL", "size": 575, "slug": "mlb-stl-atl-2026-06-30-spread-home-1pt5", "timestamp": "2026-07-01T02:18:38Z", "token_id": "51697208736432900184133333823397421903720034958298120139719794602094571192982", "transaction_hash": "0xdf3f552de904844e62a6dea61566ed8a3b6f18c65b44b2d9d47c1f9689faadf3"}, {"condition_id": "0x5c16576775aaa463cd9da6db82d35459287a092319724d626f2094169babc804", "id": "0x8a7f359f59a66df22cc06b88e38474e83d864670b1d619234c65aa8ba52ab616_0xfd28d098145cd8c0f816cfee29944427719a11c3580bd4530ff1a27423fcaf85", "outcome": "St. Louis Cardinals", "price": 0.999, "proxy_wallet": "0x8a269634753d90783f52c58e5ae9a8b9679e937e", "side": "SELL", "size": 475, "slug": "mlb-stl-atl-2026-06-30-spread-home-1pt5", "timestamp": "2026-07-01T02:18:38Z", "token_id": "51697208736432900184133333823397421903720034958298120139719794602094571192982", "transaction_hash": "0x8a7f359f59a66df22cc06b88e38474e83d864670b1d619234c65aa8ba52ab616"}, {"condition_id": "0x5c16576775aaa463cd9da6db82d35459287a092319724d626f2094169babc804", "id": "0xf103b89b14779180650ca56ddc3f579f1d304b293fa724c2a0003c17248e0ff8_0xfd28d098145cd8c0f816cfee29944427719a11c3580bd4530ff1a27423fcaf85", "outcome": "St. Louis Cardinals", "price": 0.999, "proxy_wallet": "0x8a269634753d90783f52c58e5ae9a8b9679e937e", "side": "SELL", "size": 620, "slug": "mlb-stl-atl-2026-06-30-spread-home-1pt5", "timestamp": "2026-07-01T02:18:38Z", "token_id": "51697208736432900184133333823397421903720034958298120139719794602094571192982", "transaction_hash": "0xf103b89b14779180650ca56ddc3f579f1d304b293fa724c2a0003c17248e0ff8"}, {"condition_id": "0x5c16576775aaa463cd9da6db82d35459287a092319724d626f2094169babc804", "id": "0x3d92f290e648967a11d691410974f7b1b34a95f0078e6109d4f8e554f9d72d7b_0xfd28d098145cd8c0f816cfee29944427719a11c3580bd4530ff1a27423fcaf85", "outcome": "St. Louis Cardinals", "price": 0.9990000000000001, "proxy_wallet": "0x8a269634753d90783f52c58e5ae9a8b9679e937e", "side": "SELL", "size": 560, "slug": "mlb-stl-atl-2026-06-30-spread-home-1pt5", "timestamp": "2026-07-01T02:18:38Z", "token_id": "51697208736432900184133333823397421903720034958298120139719794602094571192982", "transaction_hash": "0x3d92f290e648967a11d691410974f7b1b34a95f0078e6109d4f8e554f9d72d7b"}, {"condition_id": "0x5c16576775aaa463cd9da6db82d35459287a092319724d626f2094169babc804", "id": "0x8c234bc01a9fa9115a93817c8752c01b9b2fa0ee61325a56689fe8bc22ef3fcd_0xfd28d098145cd8c0f816cfee29944427719a11c3580bd4530ff1a27423fcaf85", "outcome": "St. Louis Cardinals", "price": 0.999, "proxy_wallet": "0x8a269634753d90783f52c58e5ae9a8b9679e937e", "side": "SELL", "size": 500, "slug": "mlb-stl-atl-2026-06-30-spread-home-1pt5", "timestamp": "2026-07-01T02:18:37Z", "token_id": "51697208736432900184133333823397421903720034958298120139719794602094571192982", "transaction_hash": "0x8c234bc01a9fa9115a93817c8752c01b9b2fa0ee61325a56689fe8bc22ef3fcd"}, {"condition_id": "0x5c16576775aaa463cd9da6db82d35459287a092319724d626f2094169babc804", "id": "0x220fa4094f646c9924618b73e472abe5d11350d776861daea20d438874fe80fd_0xfd28d098145cd8c0f816cfee29944427719a11c3580bd4530ff1a27423fcaf85", "outcome": "St. Louis Cardinals", "price": 0.999, "proxy_wallet": "0x8a269634753d90783f52c58e5ae9a8b9679e937e", "side": "SELL", "size": 490, "slug": "mlb-stl-atl-2026-06-30-spread-home-1pt5", "timestamp": "2026-07-01T02:18:37Z", "token_id": "51697208736432900184133333823397421903720034958298120139719794602094571192982", "transaction_hash": "0x220fa4094f646c9924618b73e472abe5d11350d776861daea20d438874fe80fd"}, {"condition_id": "0x5c16576775aaa463cd9da6db82d35459287a092319724d626f2094169babc804", "id": "0xae6e4ee37664aa28cf3734f2d56a35f57b553be37cd90034a2613b4148c9a682_0xfd28d098145cd8c0f816cfee29944427719a11c3580bd4530ff1a27423fcaf85", "outcome": "St. Louis Cardinals", "price": 0.999, "proxy_wallet": "0x8a269634753d90783f52c58e5ae9a8b9679e937e", "side": "SELL", "size": 525, "slug": "mlb-stl-atl-2026-06-30-spread-home-1pt5", "timestamp": "2026-07-01T02:18:37Z", "token_id": "51697208736432900184133333823397421903720034958298120139719794602094571192982", "transaction_hash": "0xae6e4ee37664aa28cf3734f2d56a35f57b553be37cd90034a2613b4148c9a682"}, {"condition_id": "0x5c16576775aaa463cd9da6db82d35459287a092319724d626f2094169babc804", "id": "0x7ec2efbe5728ee447c433cb91a1d3fbb09302a28b5699fa71cafa6ac80697eac_0xfd28d098145cd8c0f816cfee29944427719a11c3580bd4530ff1a27423fcaf85", "outcome": "St. Louis Cardinals", "price": 0.999, "proxy_wallet": "0x8a269634753d90783f52c58e5ae9a8b9679e937e", "side": "SELL", "size": 595, "slug": "mlb-stl-atl-2026-06-30-spread-home-1pt5", "timestamp": "2026-07-01T02:18:37Z", "token_id": "51697208736432900184133333823397421903720034958298120139719794602094571192982", "transaction_hash": "0x7ec2efbe5728ee447c433cb91a1d3fbb09302a28b5699fa71cafa6ac80697eac"}, {"condition_id": "0x5c16576775aaa463cd9da6db82d35459287a092319724d626f2094169babc804", "id": "0x84a1016f5b55e080a04f0b282460bfc56d1ee623871a905274997983a50b6392_0xfd28d098145cd8c0f816cfee29944427719a11c3580bd4530ff1a27423fcaf85", "outcome": "St. Louis Cardinals", "price": 0.999, "proxy_wallet": "0x8a269634753d90783f52c58e5ae9a8b9679e937e", "side": "SELL", "size": 620, "slug": "mlb-stl-atl-2026-06-30-spread-home-1pt5", "timestamp": "2026-07-01T02:18:37Z", "token_id": "51697208736432900184133333823397421903720034958298120139719794602094571192982", "transaction_hash": "0x84a1016f5b55e080a04f0b282460bfc56d1ee623871a905274997983a50b6392"}, {"condition_id": "0x5c16576775aaa463cd9da6db82d35459287a092319724d626f2094169babc804", "id": "0x50bd0383c9461c95ad66327e00603a32ba90e43e75459605d7ba331c4e1a2770_0xfd28d098145cd8c0f816cfee29944427719a11c3580bd4530ff1a27423fcaf85", "outcome": "St. Louis Cardinals", "price": 0.999, "proxy_wallet": "0x8a269634753d90783f52c58e5ae9a8b9679e937e", "side": "SELL", "size": 710, "slug": "mlb-stl-atl-2026-06-30-spread-home-1pt5", "timestamp": "2026-07-01T02:18:37Z", "token_id": "51697208736432900184133333823397421903720034958298120139719794602094571192982", "transaction_hash": "0x50bd0383c9461c95ad66327e00603a32ba90e43e75459605d7ba331c4e1a2770"}, {"condition_id": "0x5c16576775aaa463cd9da6db82d35459287a092319724d626f2094169babc804", "id": "0x61ff2cae89dcb3a1128c0d26190cd282d80865e8845ae287cbb39506c0d626d9_0xfd28d098145cd8c0f816cfee29944427719a11c3580bd4530ff1a27423fcaf85", "outcome": "St. Louis Cardinals", "price": 0.999, "proxy_wallet": "0x8a269634753d90783f52c58e5ae9a8b9679e937e", "side": "SELL", "size": 495, "slug": "mlb-stl-atl-2026-06-30-spread-home-1pt5", "timestamp": "2026-07-01T02:18:37Z", "token_id": "51697208736432900184133333823397421903720034958298120139719794602094571192982", "transaction_hash": "0x61ff2cae89dcb3a1128c0d26190cd282d80865e8845ae287cbb39506c0d626d9"}, {"condition_id": "0x5c16576775aaa463cd9da6db82d35459287a092319724d626f2094169babc804", "id": "0xf4ff28f288f835f57faaae029ad8a1ee5318f66f5a03c47e48ce0c92bf796384_0xfd28d098145cd8c0f816cfee29944427719a11c3580bd4530ff1a27423fcaf85", "outcome": "St. Louis Cardinals", "price": 0.999, "proxy_wallet": "0x8a269634753d90783f52c58e5ae9a8b9679e937e", "side": "SELL", "size": 625, "slug": "mlb-stl-atl-2026-06-30-spread-home-1pt5", "timestamp": "2026-07-01T02:18:37Z", "token_id": "51697208736432900184133333823397421903720034958298120139719794602094571192982", "transaction_hash": "0xf4ff28f288f835f57faaae029ad8a1ee5318f66f5a03c47e48ce0c92bf796384"}, {"condition_id": "0x5c16576775aaa463cd9da6db82d35459287a092319724d626f2094169babc804", "id": "0x483f3b9b9420410e350e025b6a2c398ab34c080b197756b7f907b93650054883_0xfd28d098145cd8c0f816cfee29944427719a11c3580bd4530ff1a27423fcaf85", "outcome": "St. Louis Cardinals", "price": 0.999, "proxy_wallet": "0x8a269634753d90783f52c58e5ae9a8b9679e937e", "side": "SELL", "size": 595, "slug": "mlb-stl-atl-2026-06-30-spread-home-1pt5", "timestamp": "2026-07-01T02:18:37Z", "token_id": "51697208736432900184133333823397421903720034958298120139719794602094571192982", "transaction_hash": "0x483f3b9b9420410e350e025b6a2c398ab34c080b197756b7f907b93650054883"}, {"condition_id": "0x5c16576775aaa463cd9da6db82d35459287a092319724d626f2094169babc804", "id": "0xac0852dbf0f8a593481f00df8c9eba294ee9100c340b517eac7fbad1ff34cbcf_0xfd28d098145cd8c0f816cfee29944427719a11c3580bd4530ff1a27423fcaf85", "outcome": "St. Louis Cardinals", "price": 0.999, "proxy_wallet": "0x8a269634753d90783f52c58e5ae9a8b9679e937e", "side": "SELL", "size": 505, "slug": "mlb-stl-atl-2026-06-30-spread-home-1pt5", "timestamp": "2026-07-01T02:18:37Z", "token_id": "51697208736432900184133333823397421903720034958298120139719794602094571192982", "transaction_hash": "0xac0852dbf0f8a593481f00df8c9eba294ee9100c340b517eac7fbad1ff34cbcf"}, {"condition_id": "0x5c16576775aaa463cd9da6db82d35459287a092319724d626f2094169babc804", "id": "0x2eb0a8a681e09f5cad0c8ab80400a03c91e75750c05c60f7972e049f99c81d2e_0xfd28d098145cd8c0f816cfee29944427719a11c3580bd4530ff1a27423fcaf85", "outcome": "St. Louis Cardinals", "price": 0.999, "proxy_wallet": "0x8a269634753d90783f52c58e5ae9a8b9679e937e", "side": "SELL", "size": 600, "slug": "mlb-stl-atl-2026-06-30-spread-home-1pt5", "timestamp": "2026-07-01T02:18:37Z", "token_id": "51697208736432900184133333823397421903720034958298120139719794602094571192982", "transaction_hash": "0x2eb0a8a681e09f5cad0c8ab80400a03c91e75750c05c60f7972e049f99c81d2e"}, {"condition_id": "0x5c16576775aaa463cd9da6db82d35459287a092319724d626f2094169babc804", "id": "0x424fca97944093026333148a1b8a100a934d0e76a1560e51fd4be5eaa4669a8a_0xfd28d098145cd8c0f816cfee29944427719a11c3580bd4530ff1a27423fcaf85", "outcome": "St. Louis Cardinals", "price": 0.999, "proxy_wallet": "0x8a269634753d90783f52c58e5ae9a8b9679e937e", "side": "SELL", "size": 445, "slug": "mlb-stl-atl-2026-06-30-spread-home-1pt5", "timestamp": "2026-07-01T02:18:37Z", "token_id": "51697208736432900184133333823397421903720034958298120139719794602094571192982", "transaction_hash": "0x424fca97944093026333148a1b8a100a934d0e76a1560e51fd4be5eaa4669a8a"}, {"condition_id": "0x5c16576775aaa463cd9da6db82d35459287a092319724d626f2094169babc804", "id": "0xec122705bd8429c0d4af2091149bcb113f3b375e1fba8b82abc66b6024f212b9_0xfd28d098145cd8c0f816cfee29944427719a11c3580bd4530ff1a27423fcaf85", "outcome": "St. Louis Cardinals", "price": 0.9990000000000001, "proxy_wallet": "0x8a269634753d90783f52c58e5ae9a8b9679e937e", "side": "SELL", "size": 540, "slug": "mlb-stl-atl-2026-06-30-spread-home-1pt5", "timestamp": "2026-07-01T02:18:37Z", "token_id": "51697208736432900184133333823397421903720034958298120139719794602094571192982", "transaction_hash": "0xec122705bd8429c0d4af2091149bcb113f3b375e1fba8b82abc66b6024f212b9"}, {"condition_id": "0x5c16576775aaa463cd9da6db82d35459287a092319724d626f2094169babc804", "id": "0xd6b703ca949407ac88bb6b16b14d116f3e5c4cd912728231dbc61a59d566f045_0xfd28d098145cd8c0f816cfee29944427719a11c3580bd4530ff1a27423fcaf85", "outcome": "St. Louis Cardinals", "price": 0.999, "proxy_wallet": "0x8a269634753d90783f52c58e5ae9a8b9679e937e", "side": "SELL", "size": 605, "slug": "mlb-stl-atl-2026-06-30-spread-home-1pt5", "timestamp": "2026-07-01T02:18:37Z", "token_id": "51697208736432900184133333823397421903720034958298120139719794602094571192982", "transaction_hash": "0xd6b703ca949407ac88bb6b16b14d116f3e5c4cd912728231dbc61a59d566f045"}, {"condition_id": "0x5c16576775aaa463cd9da6db82d35459287a092319724d626f2094169babc804", "id": "0xae95583f3bf38328cad1c3d1a54e8c74132aa326d9f6cbac358e320182f8909f_0xfd28d098145cd8c0f816cfee29944427719a11c3580bd4530ff1a27423fcaf85", "outcome": "St. Louis Cardinals", "price": 0.9990000000000001, "proxy_wallet": "0x8a269634753d90783f52c58e5ae9a8b9679e937e", "side": "SELL", "size": 560, "slug": "mlb-stl-atl-2026-06-30-spread-home-1pt5", "timestamp": "2026-07-01T02:18:37Z", "token_id": "51697208736432900184133333823397421903720034958298120139719794602094571192982", "transaction_hash": "0xae95583f3bf38328cad1c3d1a54e8c74132aa326d9f6cbac358e320182f8909f"}, {"condition_id": "0x5c16576775aaa463cd9da6db82d35459287a092319724d626f2094169babc804", "id": "0x133767c141e81881d87ee08e3ca5e541dd1e59944f3d47af11fed1c7aef45125_0xfd28d098145cd8c0f816cfee29944427719a11c3580bd4530ff1a27423fcaf85", "outcome": "St. Louis Cardinals", "price": 0.999, "proxy_wallet": "0x8a269634753d90783f52c58e5ae9a8b9679e937e", "side": "SELL", "size": 525, "slug": "mlb-stl-atl-2026-06-30-spread-home-1pt5", "timestamp": "2026-07-01T02:18:37Z", "token_id": "51697208736432900184133333823397421903720034958298120139719794602094571192982", "transaction_hash": "0x133767c141e81881d87ee08e3ca5e541dd1e59944f3d47af11fed1c7aef45125"}, {"condition_id": "0x5c16576775aaa463cd9da6db82d35459287a092319724d626f2094169babc804", "id": "0x6303a4fcf749282e73b50d56b88382d55057c1d84041d9ff11e6dcf43fed0e05_0xfd28d098145cd8c0f816cfee29944427719a11c3580bd4530ff1a27423fcaf85", "outcome": "St. Louis Cardinals", "price": 0.9989999999999999, "proxy_wallet": "0x8a269634753d90783f52c58e5ae9a8b9679e937e", "side": "SELL", "size": 815, "slug": "mlb-stl-atl-2026-06-30-spread-home-1pt5", "timestamp": "2026-07-01T02:18:37Z", "token_id": "51697208736432900184133333823397421903720034958298120139719794602094571192982", "transaction_hash": "0x6303a4fcf749282e73b50d56b88382d55057c1d84041d9ff11e6dcf43fed0e05"}, {"condition_id": "0x5c16576775aaa463cd9da6db82d35459287a092319724d626f2094169babc804", "id": "0x92334bcd791086f7604036304003bd1611003561abb970efdd4edb9383448179_0xfd28d098145cd8c0f816cfee29944427719a11c3580bd4530ff1a27423fcaf85", "outcome": "St. Louis Cardinals", "price": 0.999, "proxy_wallet": "0x8a269634753d90783f52c58e5ae9a8b9679e937e", "side": "SELL", "size": 730, "slug": "mlb-stl-atl-2026-06-30-spread-home-1pt5", "timestamp": "2026-07-01T02:18:37Z", "token_id": "51697208736432900184133333823397421903720034958298120139719794602094571192982", "transaction_hash": "0x92334bcd791086f7604036304003bd1611003561abb970efdd4edb9383448179"}, {"condition_id": "0x5c16576775aaa463cd9da6db82d35459287a092319724d626f2094169babc804", "id": "0x7c6a31e1c81449208fd944cd9b34eb95c6adfdef5879258643bd015e235b6f94_0xfd28d098145cd8c0f816cfee29944427719a11c3580bd4530ff1a27423fcaf85", "outcome": "St. Louis Cardinals", "price": 0.999, "proxy_wallet": "0x8a269634753d90783f52c58e5ae9a8b9679e937e", "side": "SELL", "size": 785, "slug": "mlb-stl-atl-2026-06-30-spread-home-1pt5", "timestamp": "2026-07-01T02:18:35Z", "token_id": "51697208736432900184133333823397421903720034958298120139719794602094571192982", "transaction_hash": "0x7c6a31e1c81449208fd944cd9b34eb95c6adfdef5879258643bd015e235b6f94"}, {"condition_id": "0x5c16576775aaa463cd9da6db82d35459287a092319724d626f2094169babc804", "id": "0xc00a9f76990cd6d42fdb5877ec4174859ced86ab9a327a26c94ecdcea284a86e_0xfd28d098145cd8c0f816cfee29944427719a11c3580bd4530ff1a27423fcaf85", "outcome": "St. Louis Cardinals", "price": 0.999, "proxy_wallet": "0x8a269634753d90783f52c58e5ae9a8b9679e937e", "side": "SELL", "size": 515, "slug": "mlb-stl-atl-2026-06-30-spread-home-1pt5", "timestamp": "2026-07-01T02:18:35Z", "token_id": "51697208736432900184133333823397421903720034958298120139719794602094571192982", "transaction_hash": "0xc00a9f76990cd6d42fdb5877ec4174859ced86ab9a327a26c94ecdcea284a86e"}, {"condition_id": "0x5c16576775aaa463cd9da6db82d35459287a092319724d626f2094169babc804", "id": "0x515ed3c1698c6d2edde88744a3dbd53590fab47940e59769f9a0a7abfec65de7_0xfd28d098145cd8c0f816cfee29944427719a11c3580bd4530ff1a27423fcaf85", "outcome": "St. Louis Cardinals", "price": 0.999, "proxy_wallet": "0x8a269634753d90783f52c58e5ae9a8b9679e937e", "side": "SELL", "size": 745, "slug": "mlb-stl-atl-2026-06-30-spread-home-1pt5", "timestamp": "2026-07-01T02:18:35Z", "token_id": "51697208736432900184133333823397421903720034958298120139719794602094571192982", "transaction_hash": "0x515ed3c1698c6d2edde88744a3dbd53590fab47940e59769f9a0a7abfec65de7"}, {"condition_id": "0x5c16576775aaa463cd9da6db82d35459287a092319724d626f2094169babc804", "id": "0x269cabf91de7412c4beb9e7b15dfb45f537ae245c3636857d05439394634e624_0xfd28d098145cd8c0f816cfee29944427719a11c3580bd4530ff1a27423fcaf85", "outcome": "St. Louis Cardinals", "price": 0.999, "proxy_wallet": "0x8a269634753d90783f52c58e5ae9a8b9679e937e", "side": "SELL", "size": 360, "slug": "mlb-stl-atl-2026-06-30-spread-home-1pt5", "timestamp": "2026-07-01T02:18:35Z", "token_id": "51697208736432900184133333823397421903720034958298120139719794602094571192982", "transaction_hash": "0x269cabf91de7412c4beb9e7b15dfb45f537ae245c3636857d05439394634e624"}, {"condition_id": "0x5c16576775aaa463cd9da6db82d35459287a092319724d626f2094169babc804", "id": "0x1f6af12b27a00e7058ddb7dbde30bdc6013ddf814897b1c3a6d6d7bd9f2af091_0xfd28d098145cd8c0f816cfee29944427719a11c3580bd4530ff1a27423fcaf85", "outcome": "St. Louis Cardinals", "price": 0.9989999999999999, "proxy_wallet": "0x8a269634753d90783f52c58e5ae9a8b9679e937e", "side": "SELL", "size": 565, "slug": "mlb-stl-atl-2026-06-30-spread-home-1pt5", "timestamp": "2026-07-01T02:18:35Z", "token_id": "51697208736432900184133333823397421903720034958298120139719794602094571192982", "transaction_hash": "0x1f6af12b27a00e7058ddb7dbde30bdc6013ddf814897b1c3a6d6d7bd9f2af091"}, {"condition_id": "0x5c16576775aaa463cd9da6db82d35459287a092319724d626f2094169babc804", "id": "0x44c0dac67125bb26ed87b818ff58c0299d5e09442b46403efed646dba56fc0d8_0xfd28d098145cd8c0f816cfee29944427719a11c3580bd4530ff1a27423fcaf85", "outcome": "St. Louis Cardinals", "price": 0.9989999999999999, "proxy_wallet": "0x8a269634753d90783f52c58e5ae9a8b9679e937e", "side": "SELL", "size": 585, "slug": "mlb-stl-atl-2026-06-30-spread-home-1pt5", "timestamp": "2026-07-01T02:18:35Z", "token_id": "51697208736432900184133333823397421903720034958298120139719794602094571192982", "transaction_hash": "0x44c0dac67125bb26ed87b818ff58c0299d5e09442b46403efed646dba56fc0d8"}, {"condition_id": "0x5c16576775aaa463cd9da6db82d35459287a092319724d626f2094169babc804", "id": "0xf706349577feacddcb0e10b9457827521c8f4e30e5539f5ce0e62bd2a74f06e6_0xfd28d098145cd8c0f816cfee29944427719a11c3580bd4530ff1a27423fcaf85", "outcome": "St. Louis Cardinals", "price": 0.9989999999999999, "proxy_wallet": "0x8a269634753d90783f52c58e5ae9a8b9679e937e", "side": "SELL", "size": 470, "slug": "mlb-stl-atl-2026-06-30-spread-home-1pt5", "timestamp": "2026-07-01T02:18:35Z", "token_id": "51697208736432900184133333823397421903720034958298120139719794602094571192982", "transaction_hash": "0xf706349577feacddcb0e10b9457827521c8f4e30e5539f5ce0e62bd2a74f06e6"}, {"condition_id": "0x5c16576775aaa463cd9da6db82d35459287a092319724d626f2094169babc804", "id": "0xa9b2806c586d8625cd51c62b5e210f3645e35aa74ffa49169303ed7280cf4d9c_0xfd28d098145cd8c0f816cfee29944427719a11c3580bd4530ff1a27423fcaf85", "outcome": "St. Louis Cardinals", "price": 0.999, "proxy_wallet": "0x8a269634753d90783f52c58e5ae9a8b9679e937e", "side": "SELL", "size": 615, "slug": "mlb-stl-atl-2026-06-30-spread-home-1pt5", "timestamp": "2026-07-01T02:18:35Z", "token_id": "51697208736432900184133333823397421903720034958298120139719794602094571192982", "transaction_hash": "0xa9b2806c586d8625cd51c62b5e210f3645e35aa74ffa49169303ed7280cf4d9c"}, {"condition_id": "0x5c16576775aaa463cd9da6db82d35459287a092319724d626f2094169babc804", "id": "0xd7f6d82921254e232cd3a3165dd265538199ccf14ef7229296d15e32365bbd0c_0xfd28d098145cd8c0f816cfee29944427719a11c3580bd4530ff1a27423fcaf85", "outcome": "St. Louis Cardinals", "price": 0.999, "proxy_wallet": "0x8a269634753d90783f52c58e5ae9a8b9679e937e", "side": "SELL", "size": 635, "slug": "mlb-stl-atl-2026-06-30-spread-home-1pt5", "timestamp": "2026-07-01T02:18:35Z", "token_id": "51697208736432900184133333823397421903720034958298120139719794602094571192982", "transaction_hash": "0xd7f6d82921254e232cd3a3165dd265538199ccf14ef7229296d15e32365bbd0c"}, {"condition_id": "0x5c16576775aaa463cd9da6db82d35459287a092319724d626f2094169babc804", "id": "0xeeafc52c2051ca8ad94740194c1ea268960a8ba557aafe54217683cbc85d5f13_0xfd28d098145cd8c0f816cfee29944427719a11c3580bd4530ff1a27423fcaf85", "outcome": "St. Louis Cardinals", "price": 0.9990000000000001, "proxy_wallet": "0x8a269634753d90783f52c58e5ae9a8b9679e937e", "side": "SELL", "size": 540, "slug": "mlb-stl-atl-2026-06-30-spread-home-1pt5", "timestamp": "2026-07-01T02:18:35Z", "token_id": "51697208736432900184133333823397421903720034958298120139719794602094571192982", "transaction_hash": "0xeeafc52c2051ca8ad94740194c1ea268960a8ba557aafe54217683cbc85d5f13"}, {"condition_id": "0x5c16576775aaa463cd9da6db82d35459287a092319724d626f2094169babc804", "id": "0x9640cba772c6e62c7dc4691e4164eb5da6e264f2c646577a633742f9d826d1e7_0xfd28d098145cd8c0f816cfee29944427719a11c3580bd4530ff1a27423fcaf85", "outcome": "St. Louis Cardinals", "price": 0.999, "proxy_wallet": "0x8a269634753d90783f52c58e5ae9a8b9679e937e", "side": "SELL", "size": 510, "slug": "mlb-stl-atl-2026-06-30-spread-home-1pt5", "timestamp": "2026-07-01T02:18:35Z", "token_id": "51697208736432900184133333823397421903720034958298120139719794602094571192982", "transaction_hash": "0x9640cba772c6e62c7dc4691e4164eb5da6e264f2c646577a633742f9d826d1e7"}, {"condition_id": "0x5c16576775aaa463cd9da6db82d35459287a092319724d626f2094169babc804", "id": "0xba4a7b8a88f61e571007e737e325d58d2856a312107285983996abda2998d6cf_0xfd28d098145cd8c0f816cfee29944427719a11c3580bd4530ff1a27423fcaf85", "outcome": "St. Louis Cardinals", "price": 0.999, "proxy_wallet": "0x8a269634753d90783f52c58e5ae9a8b9679e937e", "side": "SELL", "size": 625, "slug": "mlb-stl-atl-2026-06-30-spread-home-1pt5", "timestamp": "2026-07-01T02:18:35Z", "token_id": "51697208736432900184133333823397421903720034958298120139719794602094571192982", "transaction_hash": "0xba4a7b8a88f61e571007e737e325d58d2856a312107285983996abda2998d6cf"}, {"condition_id": "0x5c16576775aaa463cd9da6db82d35459287a092319724d626f2094169babc804", "id": "0x2eb35db02fbb378ce6317cf901cc98fcde05c736dec0c31f7fa3d511ec0e674a_0xfd28d098145cd8c0f816cfee29944427719a11c3580bd4530ff1a27423fcaf85", "outcome": "St. Louis Cardinals", "price": 0.9989999999999999, "proxy_wallet": "0x8a269634753d90783f52c58e5ae9a8b9679e937e", "side": "SELL", "size": 570, "slug": "mlb-stl-atl-2026-06-30-spread-home-1pt5", "timestamp": "2026-07-01T02:18:35Z", "token_id": "51697208736432900184133333823397421903720034958298120139719794602094571192982", "transaction_hash": "0x2eb35db02fbb378ce6317cf901cc98fcde05c736dec0c31f7fa3d511ec0e674a"}], "polled_at": "2026-07-02T01:49:29.293125+00:00"}