{"wallet": "0x228b8d11eba89bf1c554f8879a9293b7106daf4c", "total_trades_90d": 200, "mlb_trades_count": 17, "mlb_condition_ids": ["0x3e47e9ab777735fd1dae04df35e34536c38cbd4a01f173eb1acee0ce88b80c13", "0x503cc08c1fcff5bcca91d07c143e87b3bddd68566445851e93db965e6a1a122d", "0x71e6567ee6be17a25d2da8a71d231b7b4da6fec9685826c04d9818c501045cc8", "0x9fd1dc171c922192e9f1ca0df99f741f72d6aecacd9f8ad766c146f10158b8b0", "0xe41d7765de1a7284223b88475ce83a497e758bf6d355e3fd23bceda348812e38", "0xe7a13d32b74371625ee234d216c126b2cf4e1ee757db3dceba6c219e648c5d9c"], "mlb_trade_details": [{"condition_id": "0x3e47e9ab777735fd1dae04df35e34536c38cbd4a01f173eb1acee0ce88b80c13", "id": "0x6d2a109b62097b2a1da34e3a3d33b2aa6bc2a0a7a189bf0897edfbd5e6670f1d_0xe62311a7cda20a6e71b458d4e8ff05c4df703aa17b0e02629d10be488306cfc4", "outcome": "Minnesota Twins", "price": 0.87, "proxy_wallet": "0x228b8d11eba89bf1c554f8879a9293b7106daf4c", "side": "BUY", "size": 439.5, "slug": "mlb-min-hou-2026-07-01", "timestamp": "2026-07-02T01:47:37Z", "token_id": "83328659853225215606198553171497847101809707247054071996921778441979125453170", "transaction_hash": "0x6d2a109b62097b2a1da34e3a3d33b2aa6bc2a0a7a189bf0897edfbd5e6670f1d"}, {"condition_id": "0x71e6567ee6be17a25d2da8a71d231b7b4da6fec9685826c04d9818c501045cc8", "id": "0x24613bf6ce1ae70872e4281cd171851feb0d190d3c5700f96f9401c736e0117e_0x564b4f69ba08ad0657695a204499f0a418e97fb719c5f3bdd78e4911bc744079", "outcome": "Over", "price": 0.38, "proxy_wallet": "0x228b8d11eba89bf1c554f8879a9293b7106daf4c", "side": "BUY", "size": 16, "slug": "mlb-mia-col-2026-07-01-total-10pt5", "timestamp": "2026-07-02T01:42:49Z", "token_id": "81704371654013962415466439645036489076399358185691009735986358341555137658833", "transaction_hash": "0x24613bf6ce1ae70872e4281cd171851feb0d190d3c5700f96f9401c736e0117e"}, {"condition_id": "0xe7a13d32b74371625ee234d216c126b2cf4e1ee757db3dceba6c219e648c5d9c", "id": "0x1beeaa57a378f76d2bbd1fb124ed665b3e6229cef1f8a33e9fa53b3c44e81fef_0x60ac2885fbf3f21faaa2acd5d2487f96d993bf6da7b17e66f49b9d161aa99d0e", "outcome": "Over", "price": 0.77, "proxy_wallet": "0x228b8d11eba89bf1c554f8879a9293b7106daf4c", "side": "BUY", "size": 250, "slug": "mlb-min-hou-2026-07-01-total-8pt5", "timestamp": "2026-07-02T01:42:05Z", "token_id": "4995849050026851142501736726646311129088147967198844312157545729589801634648", "transaction_hash": "0x1beeaa57a378f76d2bbd1fb124ed665b3e6229cef1f8a33e9fa53b3c44e81fef"}, {"condition_id": "0xe7a13d32b74371625ee234d216c126b2cf4e1ee757db3dceba6c219e648c5d9c", "id": "0x673443f803ba49b89fb06fe22b3dd1cdbef8dcfee0f6d9db5217e938ebaccce0_0x97f9931e9bdb8966add37ab5fec850824194ba5f84ea8436cae6f804c6bca379", "outcome": "Under", "price": 0.21, "proxy_wallet": "0x228b8d11eba89bf1c554f8879a9293b7106daf4c", "side": "BUY", "size": 500, "slug": "mlb-min-hou-2026-07-01-total-8pt5", "timestamp": "2026-07-02T01:41:56Z", "token_id": "6248735433946293465137114356523393741520044294851846904122580653534635334014", "transaction_hash": "0x673443f803ba49b89fb06fe22b3dd1cdbef8dcfee0f6d9db5217e938ebaccce0"}, {"condition_id": "0xe41d7765de1a7284223b88475ce83a497e758bf6d355e3fd23bceda348812e38", "id": "0x1873805a13dbc44295dfe6db76acdcc56de8858696dcda68932e2b71035fc084_0x7c2f94b6d480ac8c20bc0313edbc3a70548e92f94cf0bb5ca2009c8bfe5ec49e", "outcome": "Under", "price": 0.68, "proxy_wallet": "0x228b8d11eba89bf1c554f8879a9293b7106daf4c", "side": "BUY", "size": 8, "slug": "mlb-mia-col-2026-07-01-total-11pt5", "timestamp": "2026-07-02T01:41:04Z", "token_id": "6515714086678686965167013485177068666040412925367310925077303305883656898212", "transaction_hash": "0x1873805a13dbc44295dfe6db76acdcc56de8858696dcda68932e2b71035fc084"}, {"condition_id": "0x503cc08c1fcff5bcca91d07c143e87b3bddd68566445851e93db965e6a1a122d", "id": "0xc581addf737c6c1f973b3873fe0a8c9aa1907c72eeb57bf0eb715e9f32230c85_0x31c3545f50fa403fddfc13869707ba98607a42e316365107f2bef0b92aea14ef", "outcome": "Miami Marlins", "price": 0.6100030085911993, "proxy_wallet": "0x228b8d11eba89bf1c554f8879a9293b7106daf4c", "side": "BUY", "size": 0.179486, "slug": "mlb-mia-col-2026-07-01", "timestamp": "2026-07-02T01:39:11Z", "token_id": "70456539982031185821545367467561496403366411785803404614583891714944753086599", "transaction_hash": "0xc581addf737c6c1f973b3873fe0a8c9aa1907c72eeb57bf0eb715e9f32230c85"}, {"condition_id": "0x503cc08c1fcff5bcca91d07c143e87b3bddd68566445851e93db965e6a1a122d", "id": "0x04d3f0a9acf0a839255aaddf7fec1b35b41bf9bd7a9518405bf71f975348a9ea_0xf743743d53f493a3ea38163f16ead94dadb65d9c8ff9311be33c9213318878a4", "outcome": "Miami Marlins", "price": 0.43, "proxy_wallet": "0x228b8d11eba89bf1c554f8879a9293b7106daf4c", "side": "BUY", "size": 175, "slug": "mlb-mia-col-2026-07-01", "timestamp": "2026-07-02T01:28:05Z", "token_id": "70456539982031185821545367467561496403366411785803404614583891714944753086599", "transaction_hash": "0x04d3f0a9acf0a839255aaddf7fec1b35b41bf9bd7a9518405bf71f975348a9ea"}, {"condition_id": "0x503cc08c1fcff5bcca91d07c143e87b3bddd68566445851e93db965e6a1a122d", "id": "0x46b680ca949981b462f3204dc31f3178ef08013f89faf8d264b44cc5fc5fd5e1_0x675aa5167f382e34fcc0a4442047e7c8f8101cc336d9f3821d12af00d1960ff7", "outcome": "Colorado Rockies", "price": 0.52, "proxy_wallet": "0x228b8d11eba89bf1c554f8879a9293b7106daf4c", "side": "BUY", "size": 500, "slug": "mlb-mia-col-2026-07-01", "timestamp": "2026-07-02T01:27:22Z", "token_id": "77275020519117476392252162482053003018718756533700410205853872084141713559998", "transaction_hash": "0x46b680ca949981b462f3204dc31f3178ef08013f89faf8d264b44cc5fc5fd5e1"}, {"condition_id": "0xe41d7765de1a7284223b88475ce83a497e758bf6d355e3fd23bceda348812e38", "id": "0xc3c2f904245c2ba3bf9ca10f2ebb4d5bd729664343159c1c730d5c947838bd58_0x42e931990d0f90654702399ab635756eb141b8573a68d1f7ac1316c009eae6f4", "outcome": "Under", "price": 0.7599999999999999, "proxy_wallet": "0x228b8d11eba89bf1c554f8879a9293b7106daf4c", "side": "BUY", "size": 6, "slug": "mlb-mia-col-2026-07-01-total-11pt5", "timestamp": "2026-07-02T01:25:37Z", "token_id": "6515714086678686965167013485177068666040412925367310925077303305883656898212", "transaction_hash": "0xc3c2f904245c2ba3bf9ca10f2ebb4d5bd729664343159c1c730d5c947838bd58"}, {"condition_id": "0xe41d7765de1a7284223b88475ce83a497e758bf6d355e3fd23bceda348812e38", "id": "0xc2e09ac4fc2019bcc6ee94397d4ec21094ddd69b2a6fcf5ddf919a79a0e95492_0xbd1ccb48a49e56716fbbd19668b5698c2733fb9f7f662af6e60d9eba947600ce", "outcome": "Over", "price": 0.2, "proxy_wallet": "0x228b8d11eba89bf1c554f8879a9293b7106daf4c", "side": "BUY", "size": 12.5, "slug": "mlb-mia-col-2026-07-01-total-11pt5", "timestamp": "2026-07-02T01:25:22Z", "token_id": "89453075081014189886159827084862252732405426855168070193736365040916341405855", "transaction_hash": "0xc2e09ac4fc2019bcc6ee94397d4ec21094ddd69b2a6fcf5ddf919a79a0e95492"}, {"condition_id": "0x3e47e9ab777735fd1dae04df35e34536c38cbd4a01f173eb1acee0ce88b80c13", "id": "0x11064d86a949bdc530bad99a5dc26f80225f2599382f8b80147056d5fdf96104_0x05c05fd33e1dbb0552444b549270d869796debb59b2be5f33ae3a13f17bc4b9e", "outcome": "Houston Astros", "price": 0.19, "proxy_wallet": "0x228b8d11eba89bf1c554f8879a9293b7106daf4c", "side": "BUY", "size": 462.96, "slug": "mlb-min-hou-2026-07-01", "timestamp": "2026-07-02T01:22:32Z", "token_id": "79631088649261138787540203435937411982125789136915870373394273596147449567397", "transaction_hash": "0x11064d86a949bdc530bad99a5dc26f80225f2599382f8b80147056d5fdf96104"}, {"condition_id": "0x3e47e9ab777735fd1dae04df35e34536c38cbd4a01f173eb1acee0ce88b80c13", "id": "0x11eaf88607b38bddd640f33267ff5ed2e69d280c80e8d3b6b10d7f4037a7641c_0x05c05fd33e1dbb0552444b549270d869796debb59b2be5f33ae3a13f17bc4b9e", "outcome": "Houston Astros", "price": 0.1900000043200001, "proxy_wallet": "0x228b8d11eba89bf1c554f8879a9293b7106daf4c", "side": "BUY", "size": 37.037036, "slug": "mlb-min-hou-2026-07-01", "timestamp": "2026-07-02T01:22:26Z", "token_id": "79631088649261138787540203435937411982125789136915870373394273596147449567397", "transaction_hash": "0x11eaf88607b38bddd640f33267ff5ed2e69d280c80e8d3b6b10d7f4037a7641c"}, {"condition_id": "0x3e47e9ab777735fd1dae04df35e34536c38cbd4a01f173eb1acee0ce88b80c13", "id": "0xd4abe493e35c88533c74cca6b93e9c824ce3f2fb90786cb57689d3f1624d3b0f_0xea863a8abac656822732088f815bd83f80d4c02a8090bbee6de6fa8f9b20a99e", "outcome": "Houston Astros", "price": 0.19, "proxy_wallet": "0x228b8d11eba89bf1c554f8879a9293b7106daf4c", "side": "BUY", "size": 40, "slug": "mlb-min-hou-2026-07-01", "timestamp": "2026-07-02T01:21:01Z", "token_id": "79631088649261138787540203435937411982125789136915870373394273596147449567397", "transaction_hash": "0xd4abe493e35c88533c74cca6b93e9c824ce3f2fb90786cb57689d3f1624d3b0f"}, {"condition_id": "0x3e47e9ab777735fd1dae04df35e34536c38cbd4a01f173eb1acee0ce88b80c13", "id": "0xdcfc1d128d3ba2ebddaccc179a1d9cfbbad14ddb5356f69335467884ffe746c1_0xea863a8abac656822732088f815bd83f80d4c02a8090bbee6de6fa8f9b20a99e", "outcome": "Houston Astros", "price": 0.18999999999999997, "proxy_wallet": "0x228b8d11eba89bf1c554f8879a9293b7106daf4c", "side": "BUY", "size": 6, "slug": "mlb-min-hou-2026-07-01", "timestamp": "2026-07-02T01:20:50Z", "token_id": "79631088649261138787540203435937411982125789136915870373394273596147449567397", "transaction_hash": "0xdcfc1d128d3ba2ebddaccc179a1d9cfbbad14ddb5356f69335467884ffe746c1"}, {"condition_id": "0x3e47e9ab777735fd1dae04df35e34536c38cbd4a01f173eb1acee0ce88b80c13", "id": "0x831e097f4bc291ba0cffeab05374e6bfb71f71c74a1847f832017472bc0b96a6_0xea863a8abac656822732088f815bd83f80d4c02a8090bbee6de6fa8f9b20a99e", "outcome": "Houston Astros", "price": 0.19000004455008665, "proxy_wallet": "0x228b8d11eba89bf1c554f8879a9293b7106daf4c", "side": "BUY", "size": 2.469131, "slug": "mlb-min-hou-2026-07-01", "timestamp": "2026-07-02T01:20:50Z", "token_id": "79631088649261138787540203435937411982125789136915870373394273596147449567397", "transaction_hash": "0x831e097f4bc291ba0cffeab05374e6bfb71f71c74a1847f832017472bc0b96a6"}, {"condition_id": "0x9fd1dc171c922192e9f1ca0df99f741f72d6aecacd9f8ad766c146f10158b8b0", "id": "0x43cfc88a7fbb31d17f6a2b1fe96f68e037ee737d0243fce0a9be2d5448407eb3_0x9e6cb98c79f4971ab775156a73e96aa34c2b9ed909d4622d8554c927726071aa", "outcome": "Colorado Rockies", "price": 0.67, "proxy_wallet": "0x228b8d11eba89bf1c554f8879a9293b7106daf4c", "side": "BUY", "size": 15, "slug": "mlb-mia-col-2026-07-01-spread-away-1pt5", "timestamp": "2026-07-02T01:20:16Z", "token_id": "63906262158994574162168274401573059149015492076928440165017217317797378305468", "transaction_hash": "0x43cfc88a7fbb31d17f6a2b1fe96f68e037ee737d0243fce0a9be2d5448407eb3"}, {"condition_id": "0x503cc08c1fcff5bcca91d07c143e87b3bddd68566445851e93db965e6a1a122d", "id": "0x9807dc8275c234afafdf516aa57c1135e559a1abcb9bf0c132f7c585e74f61f1_0xedd2289c13793d69899058812538f2951a7090d16927d92dfb254ed31ed6a888", "outcome": "Colorado Rockies", "price": 0.52, "proxy_wallet": "0x228b8d11eba89bf1c554f8879a9293b7106daf4c", "side": "BUY", "size": 500, "slug": "mlb-mia-col-2026-07-01", "timestamp": "2026-07-02T01:13:58Z", "token_id": "77275020519117476392252162482053003018718756533700410205853872084141713559998", "transaction_hash": "0x9807dc8275c234afafdf516aa57c1135e559a1abcb9bf0c132f7c585e74f61f1"}], "polled_at": "2026-07-02T01:49:27.105897+00:00"}