{"wallet": "0x8ce7eb8a3ad1d6907b24368865c8487a68fb3150", "total_trades_90d": 125, "mlb_trades_count": 18, "mlb_condition_ids": ["0x036b0c654502bb269410e8353735575a9203fc24acb8a321b6945c9d7ef7f25f", "0x1ad4002cb09c738a5a1a5d0a3875fa64d8515f38859f760f21f9fe01c7ae41d7", "0x21e9d9dc86727d9992bb3242da3e69f11d2f80cc6a578164c1d1b5a4b640abcb", "0x381a231517cf6088520a51df34bd1db9b93d035ba51913f98ca845d661e5e738", "0x397cb99c9c4a90d548cf76c95218eab805662e675e5d9215b4204491c2b39f00", "0x43c8473bf1d51cb61764f977d2d0fbfadb01c417dbc039dab3549af8fd122f1c", "0x503cc08c1fcff5bcca91d07c143e87b3bddd68566445851e93db965e6a1a122d", "0x71e6567ee6be17a25d2da8a71d231b7b4da6fec9685826c04d9818c501045cc8", "0x840fd6186bb9e95b873f3e423288d6e5c88ca478e7ecd828b2d23c38f2e809a3", "0x9df33deabe599e034faca07e1e21f59fe23f5d67251a233b4739cb06c5af8fb6", "0xb56bc35aa6debdc1b1f53a32521a736939c3e429328bfef3c5fdccb0f5ada138", "0xda5249802c2df7dc2c9a63e07a9cacaeb77ebc226adebc32cdb3f4b44cfa7cd6", "0xf3869157b5e6914f96126ea7c8d34e0f7623dd2557d2266d4616440feb93deed", "0xf6f693f2d5b402d1d35d78cdebd7268bc219976effb45ce4c10a9b658189258a"], "mlb_trade_details": [{"condition_id": "0x503cc08c1fcff5bcca91d07c143e87b3bddd68566445851e93db965e6a1a122d", "id": "0x559eec49960d37337191d3edc1464ba754f82bf12873b2ab7ee9514183f5cda7_0xdc35792ecee099130fa4fc0c7d724dcc700a1472a2e19c3f61df488f73a24f69", "outcome": "Miami Marlins", "price": 0.5699999997787059, "proxy_wallet": "0x8ce7eb8a3ad1d6907b24368865c8487a68fb3150", "side": "BUY", "size": 1491.228069, "slug": "mlb-mia-col-2026-07-01", "timestamp": "2026-07-01T22:18:50Z", "token_id": "70456539982031185821545367467561496403366411785803404614583891714944753086599", "transaction_hash": "0x559eec49960d37337191d3edc1464ba754f82bf12873b2ab7ee9514183f5cda7"}, {"condition_id": "0x71e6567ee6be17a25d2da8a71d231b7b4da6fec9685826c04d9818c501045cc8", "id": "0x0888c632932ac4c519a18bc8729538e2c5ab8328ba958235fda6bd92c1c60758_0x6d6bf149532adc9df2121254264f820f6c36d0c63b84edf569eb9621e5b688e8", "outcome": "Over", "price": 0.5299999995383871, "proxy_wallet": "0x8ce7eb8a3ad1d6907b24368865c8487a68fb3150", "side": "BUY", "size": 584.905659, "slug": "mlb-mia-col-2026-07-01-total-10pt5", "timestamp": "2026-07-01T10:42:07Z", "token_id": "81704371654013962415466439645036489076399358185691009735986358341555137658833", "transaction_hash": "0x0888c632932ac4c519a18bc8729538e2c5ab8328ba958235fda6bd92c1c60758"}, {"condition_id": "0x036b0c654502bb269410e8353735575a9203fc24acb8a321b6945c9d7ef7f25f", "id": "0xee32e69d95fe473e1af9eb85e275d866983ef028bf943767f69cc4a5af3c8949_0x679d637bd0c3a67f3874a08eb16495e6a523d48a7bb151c37f41f1f6ba0f8949", "outcome": "Tampa Bay Rays", "price": 0.55, "proxy_wallet": "0x8ce7eb8a3ad1d6907b24368865c8487a68fb3150", "side": "BUY", "size": 1181.81818, "slug": "mlb-tb-kc-2026-07-01", "timestamp": "2026-07-01T10:40:49Z", "token_id": "40790751814144901788779780161768084552835822185953930666670964684954911865209", "transaction_hash": "0xee32e69d95fe473e1af9eb85e275d866983ef028bf943767f69cc4a5af3c8949"}, {"condition_id": "0x381a231517cf6088520a51df34bd1db9b93d035ba51913f98ca845d661e5e738", "id": "0xd0df96586a0f8781e26e1a541b98a1dcd691e1694a927eea1216772565e91656_0x121e78f12da9472a8b5d867c065d8d1c548c6e4636c462f214e7ccfb12c49cdc", "outcome": "Detroit Tigers", "price": 0.43999999912000004, "proxy_wallet": "0x8ce7eb8a3ad1d6907b24368865c8487a68fb3150", "side": "BUY", "size": 272.727271, "slug": "mlb-det-nyy-2026-07-01", "timestamp": "2026-07-01T10:40:26Z", "token_id": "21732814863574116195637613767442167544947896812245617431219863699392535019565", "transaction_hash": "0xd0df96586a0f8781e26e1a541b98a1dcd691e1694a927eea1216772565e91656"}, {"condition_id": "0xf6f693f2d5b402d1d35d78cdebd7268bc219976effb45ce4c10a9b658189258a", "id": "0x5af854b1cd7de7e6d41e1a7a31274a3e1310077efc28e5c9b131126463887622_0xd9c5c2fc215c8db9f7184da6efea4e1860a4dc14481fbd97143fbe9a4da28dee", "outcome": "Chicago White Sox", "price": 0.45, "proxy_wallet": "0x8ce7eb8a3ad1d6907b24368865c8487a68fb3150", "side": "BUY", "size": 740, "slug": "mlb-cws-bal-2026-07-01", "timestamp": "2026-07-01T10:40:10Z", "token_id": "91317713029653027643049035382877753047039589551417118583154130120473476424900", "transaction_hash": "0x5af854b1cd7de7e6d41e1a7a31274a3e1310077efc28e5c9b131126463887622"}, {"condition_id": "0x21e9d9dc86727d9992bb3242da3e69f11d2f80cc6a578164c1d1b5a4b640abcb", "id": "0xc58bd9d0dca454ea591172e104bd20f7de5fa97047936d27be507409635d3f3e_0xa24605a5ee9e21952225fa14f825b73b9ac2f4558566a4541cca8f1195ff8160", "outcome": "Tampa Bay Rays", "price": 0.510999999964281, "proxy_wallet": "0x8ce7eb8a3ad1d6907b24368865c8487a68fb3150", "side": "BUY", "size": 1371.819959, "slug": "mlb-tb-kc-2026-06-30", "timestamp": "2026-06-30T23:27:53Z", "token_id": "110782121559636891137165914928288995322315100468604322397611218975208430511432", "transaction_hash": "0xc58bd9d0dca454ea591172e104bd20f7de5fa97047936d27be507409635d3f3e"}, {"condition_id": "0xf3869157b5e6914f96126ea7c8d34e0f7623dd2557d2266d4616440feb93deed", "id": "0x4de0032e8ac8cd88be6790d3b0d0de4cc066cfe27ef642cb0961363e77ae4113_0xdf65930fcdf8b55e16356c565b4bf39612531cd8c7dc3de546a0dcdaa59f60e8", "outcome": "Washington Nationals", "price": 0.37999998677494173, "proxy_wallet": "0x8ce7eb8a3ad1d6907b24368865c8487a68fb3150", "side": "BUY", "size": 45.36842, "slug": "mlb-wsh-bos-2026-06-29", "timestamp": "2026-06-29T23:05:47Z", "token_id": "13225357866024479311323612183202735736925639050999797426939812231561134255877", "transaction_hash": "0x4de0032e8ac8cd88be6790d3b0d0de4cc066cfe27ef642cb0961363e77ae4113"}, {"condition_id": "0x840fd6186bb9e95b873f3e423288d6e5c88ca478e7ecd828b2d23c38f2e809a3", "id": "0xf21a50303c9bbf8c11ae3914b43172f311b5cf6fb5344f41ba5ca84c2ae8a08d_0x7d71dad3d11fadd0b2a42693504cf8f2e6760ffc7591b9920f3ba3cae290d0e6", "outcome": "Over", "price": 0.48999999993890275, "proxy_wallet": "0x8ce7eb8a3ad1d6907b24368865c8487a68fb3150", "side": "BUY", "size": 818.367345, "slug": "mlb-nyy-bos-2026-06-27-total-8pt5", "timestamp": "2026-06-27T13:36:35Z", "token_id": "26324844760464286677172407359172050720684994632610361152775605942552604356441", "transaction_hash": "0xf21a50303c9bbf8c11ae3914b43172f311b5cf6fb5344f41ba5ca84c2ae8a08d"}, {"condition_id": "0xb56bc35aa6debdc1b1f53a32521a736939c3e429328bfef3c5fdccb0f5ada138", "id": "0x40ce4d16a724f2ad8bc64deb68c00f719c8aecc15e16a931ed6220a61c9b167c_0x73cf83913b87be084efd63340aae44d1a99ea4f1c2e1d0548469047177fe0eef", "outcome": "New York Yankees", "price": 0.529999999781375, "proxy_wallet": "0x8ce7eb8a3ad1d6907b24368865c8487a68fb3150", "side": "BUY", "size": 1509.433961, "slug": "mlb-nyy-bos-2026-06-27", "timestamp": "2026-06-27T13:34:32Z", "token_id": "56333564686262501439621617481099466177315835853959594242828972483398166839739", "transaction_hash": "0x40ce4d16a724f2ad8bc64deb68c00f719c8aecc15e16a931ed6220a61c9b167c"}, {"condition_id": "0x9df33deabe599e034faca07e1e21f59fe23f5d67251a233b4739cb06c5af8fb6", "id": "0x9d4275cf75bcae88d465a7e4d6401a78e9f61fa7cabac9aa5c0d9d0f43bc9e59_0x7d76ea5d1b67dec9f621be141affa0591571e820d93f431582943d23029e3d8e", "outcome": "Chicago Cubs", "price": 0.021009687575684183, "proxy_wallet": "0x8ce7eb8a3ad1d6907b24368865c8487a68fb3150", "side": "SELL", "size": 1032.25, "slug": "mlb-chc-mil-2026-06-26", "timestamp": "2026-06-27T02:05:41Z", "token_id": "87156001326351824003807208419530876915694892953059504468428562522952292883150", "transaction_hash": "0x9d4275cf75bcae88d465a7e4d6401a78e9f61fa7cabac9aa5c0d9d0f43bc9e59"}, {"condition_id": "0xda5249802c2df7dc2c9a63e07a9cacaeb77ebc226adebc32cdb3f4b44cfa7cd6", "id": "0x5c1548ea6d16833b07c5eb0cfe50cc83986a25ac58e3b3a3fb2a192e0c60bd61_0x9310ad97f0d0cdb4f2ecd4cf7f1e651720642b6807440a2864dabdc6303e19df", "outcome": "New York Yankees", "price": 0.02318411183999658, "proxy_wallet": "0x8ce7eb8a3ad1d6907b24368865c8487a68fb3150", "side": "SELL", "size": 1871.96, "slug": "mlb-nyy-bos-2026-06-26", "timestamp": "2026-06-27T00:42:10Z", "token_id": "105767133889240649820233674747779484847824350561802518179594565479185999409621", "transaction_hash": "0x5c1548ea6d16833b07c5eb0cfe50cc83986a25ac58e3b3a3fb2a192e0c60bd61"}, {"condition_id": "0xda5249802c2df7dc2c9a63e07a9cacaeb77ebc226adebc32cdb3f4b44cfa7cd6", "id": "0x84da66ad42849198b2f9d9bfacb6cad4e1a4d885f71960832bc18367207cf187_0x6944bac606a76998bc6bcf425bd42f9c22e0b60e210fd3c2b14cd15de9431ce7", "outcome": "New York Yankees", "price": 0.02, "proxy_wallet": "0x8ce7eb8a3ad1d6907b24368865c8487a68fb3150", "side": "SELL", "size": 262, "slug": "mlb-nyy-bos-2026-06-26", "timestamp": "2026-06-27T00:41:59Z", "token_id": "105767133889240649820233674747779484847824350561802518179594565479185999409621", "transaction_hash": "0x84da66ad42849198b2f9d9bfacb6cad4e1a4d885f71960832bc18367207cf187"}, {"condition_id": "0x397cb99c9c4a90d548cf76c95218eab805662e675e5d9215b4204491c2b39f00", "id": "0xa82038e28effd60e03418ccd5705a1e45c983e14a4993eeb338ce8ec86fdd282_0x7ffc89d91901e6e7086258c0614fa0803a08499a191629c5673f1ccceb53c113", "outcome": "Houston Astros", "price": 0.003674986500269995, "proxy_wallet": "0x8ce7eb8a3ad1d6907b24368865c8487a68fb3150", "side": "SELL", "size": 1333.36, "slug": "mlb-hou-det-2026-06-26", "timestamp": "2026-06-27T00:40:49Z", "token_id": "75635555325116955332748304371182107706972444893081450916411093018562858729126", "transaction_hash": "0xa82038e28effd60e03418ccd5705a1e45c983e14a4993eeb338ce8ec86fdd282"}, {"condition_id": "0x9df33deabe599e034faca07e1e21f59fe23f5d67251a233b4739cb06c5af8fb6", "id": "0xb7c4e5094a4eb84c0f7db1207cb53b654805a2e526e3b0c6df747c295c0a2ae7_0xb93952340c8cac8a4b7cbade0e65771e9e6772cc94541d53a70c4aabde3aa522", "outcome": "Chicago Cubs", "price": 0.3099999994865625, "proxy_wallet": "0x8ce7eb8a3ad1d6907b24368865c8487a68fb3150", "side": "BUY", "size": 1032.258063, "slug": "mlb-chc-mil-2026-06-26", "timestamp": "2026-06-26T04:35:07Z", "token_id": "87156001326351824003807208419530876915694892953059504468428562522952292883150", "transaction_hash": "0xb7c4e5094a4eb84c0f7db1207cb53b654805a2e526e3b0c6df747c295c0a2ae7"}, {"condition_id": "0xda5249802c2df7dc2c9a63e07a9cacaeb77ebc226adebc32cdb3f4b44cfa7cd6", "id": "0xfa4ac83008cc010a2069229e0fd2ecba4d3db6e6b3b449cfb5217f32aa5fc2bf_0x524e6f163401f5eebfc56c1cdd1c1a5cd376bab23f45c69c3164f900f1c3d874", "outcome": "New York Yankees", "price": 0.5299999998172413, "proxy_wallet": "0x8ce7eb8a3ad1d6907b24368865c8487a68fb3150", "side": "BUY", "size": 2133.962263, "slug": "mlb-nyy-bos-2026-06-26", "timestamp": "2026-06-26T04:34:14Z", "token_id": "105767133889240649820233674747779484847824350561802518179594565479185999409621", "transaction_hash": "0xfa4ac83008cc010a2069229e0fd2ecba4d3db6e6b3b449cfb5217f32aa5fc2bf"}, {"condition_id": "0x397cb99c9c4a90d548cf76c95218eab805662e675e5d9215b4204491c2b39f00", "id": "0x56557e2ef47cbfa2112fa77aca7bbf8938f6c1c9baef646e685ce3498198916d_0x44625d501888177c36072fcd0214fcb1384430b4aa44388728a3ca3ae59eb926", "outcome": "Houston Astros", "price": 0.4874876386353067, "proxy_wallet": "0x8ce7eb8a3ad1d6907b24368865c8487a68fb3150", "side": "BUY", "size": 1333.367141, "slug": "mlb-hou-det-2026-06-26", "timestamp": "2026-06-26T04:33:53Z", "token_id": "75635555325116955332748304371182107706972444893081450916411093018562858729126", "transaction_hash": "0x56557e2ef47cbfa2112fa77aca7bbf8938f6c1c9baef646e685ce3498198916d"}, {"condition_id": "0x1ad4002cb09c738a5a1a5d0a3875fa64d8515f38859f760f21f9fe01c7ae41d7", "id": "0x1f30c326c486c31b489333c6e1e2dcb4ad9c97d410b37765eff8f2cffcf9b136_0x9f61ac71e777549eb95b9810820d70f65d47aef99f0bbb76e2f0bf618e2cc681", "outcome": "Chicago Cubs", "price": 0.48999999995426663, "proxy_wallet": "0x8ce7eb8a3ad1d6907b24368865c8487a68fb3150", "side": "BUY", "size": 1530.612243, "slug": "mlb-chc-nym-2026-06-25", "timestamp": "2026-06-25T23:16:59Z", "token_id": "58464671064641532738491032603621444909627116200750358385420561364256664038209", "transaction_hash": "0x1f30c326c486c31b489333c6e1e2dcb4ad9c97d410b37765eff8f2cffcf9b136"}, {"condition_id": "0x43c8473bf1d51cb61764f977d2d0fbfadb01c417dbc039dab3549af8fd122f1c", "id": "0x6821235e1d9359b45bfd95a2fb3686fdcb291e23cbdc03544cd7a05c206b1088_0x49dc36ba156473b1bb58dd4812b714b5b9c5afbaf223ca865e8da9d20c66567f", "outcome": "Athletics", "price": 0.5269910503081604, "proxy_wallet": "0x8ce7eb8a3ad1d6907b24368865c8487a68fb3150", "side": "BUY", "size": 588.245282, "slug": "mlb-oak-sf-2026-06-24", "timestamp": "2026-06-25T03:06:28Z", "token_id": "20895315913119602709709679196002193705489329253108307599208032452590068831772", "transaction_hash": "0x6821235e1d9359b45bfd95a2fb3686fdcb291e23cbdc03544cd7a05c206b1088"}], "polled_at": "2026-07-02T01:50:00.984803+00:00"}