{"wallet": "0xc660ae71765d0d9eaf5fa8328c1c959841d2bd28", "total_trades_90d": 200, "mlb_trades_count": 13, "mlb_condition_ids": ["0x276bc80f1f6576865e8db86bf02187daf862303bd6bc6c7b53ebcf62b1585425", "0x45ef31309ac10fd32e81b1d661b720a39f84edc41875b8c8026fab5aac3f11fd", "0x6c43b8f1b2588dd71ddbc3109747eff02061c4471b8c5a45a205eddd4311393a", "0x75c001657761d5dce1e0a81705a7381b247c31aa2b0d8e9c64de314da5968952"], "mlb_trade_details": [{"condition_id": "0x6c43b8f1b2588dd71ddbc3109747eff02061c4471b8c5a45a205eddd4311393a", "id": "0xcbb2489adc6a27cf943f6849bfc4ae6f149561a6b747c8e3f0daf41ce4806043_0x541a87d62ce596a61503281bc45ff0214b684eb0672fb8f31dfda87a2b2555f4", "outcome": "Under", "price": 0.48, "proxy_wallet": "0xc660ae71765d0d9eaf5fa8328c1c959841d2bd28", "side": "BUY", "size": 20800, "slug": "mlb-nym-tor-2026-07-01-total-8pt5", "timestamp": "2026-07-01T18:56:38Z", "token_id": "58991558424769802525302145120674841359069817050341448535658399211892028924641", "transaction_hash": "0xcbb2489adc6a27cf943f6849bfc4ae6f149561a6b747c8e3f0daf41ce4806043"}, {"condition_id": "0x6c43b8f1b2588dd71ddbc3109747eff02061c4471b8c5a45a205eddd4311393a", "id": "0x200a4b7b23088eb0fdd87e3b00efdee3c68298ab1875e47fbe09fa75612d78a2_0xa0fb7e0eb549f991e287938bf60cf1c4531000957ecccfb03ffe2ec9d654d4e1", "outcome": "Under", "price": 0.48, "proxy_wallet": "0xc660ae71765d0d9eaf5fa8328c1c959841d2bd28", "side": "BUY", "size": 72.54, "slug": "mlb-nym-tor-2026-07-01-total-8pt5", "timestamp": "2026-07-01T18:43:58Z", "token_id": "58991558424769802525302145120674841359069817050341448535658399211892028924641", "transaction_hash": "0x200a4b7b23088eb0fdd87e3b00efdee3c68298ab1875e47fbe09fa75612d78a2"}, {"condition_id": "0x6c43b8f1b2588dd71ddbc3109747eff02061c4471b8c5a45a205eddd4311393a", "id": "0x982ef08c41f2bf5d41a27604737081a766956032136d2480069f18865a409958_0xa0fb7e0eb549f991e287938bf60cf1c4531000957ecccfb03ffe2ec9d654d4e1", "outcome": "Under", "price": 0.4800000117735868, "proxy_wallet": "0xc660ae71765d0d9eaf5fa8328c1c959841d2bd28", "side": "BUY", "size": 10.192306, "slug": "mlb-nym-tor-2026-07-01-total-8pt5", "timestamp": "2026-07-01T18:41:50Z", "token_id": "58991558424769802525302145120674841359069817050341448535658399211892028924641", "transaction_hash": "0x982ef08c41f2bf5d41a27604737081a766956032136d2480069f18865a409958"}, {"condition_id": "0x6c43b8f1b2588dd71ddbc3109747eff02061c4471b8c5a45a205eddd4311393a", "id": "0xb38f906958c712b979d50957f82cd8d867375dddc6ce1fede1b4c8fdd46349ea_0xa0fb7e0eb549f991e287938bf60cf1c4531000957ecccfb03ffe2ec9d654d4e1", "outcome": "Under", "price": 0.48000000000000004, "proxy_wallet": "0xc660ae71765d0d9eaf5fa8328c1c959841d2bd28", "side": "BUY", "size": 5.1, "slug": "mlb-nym-tor-2026-07-01-total-8pt5", "timestamp": "2026-07-01T18:41:35Z", "token_id": "58991558424769802525302145120674841359069817050341448535658399211892028924641", "transaction_hash": "0xb38f906958c712b979d50957f82cd8d867375dddc6ce1fede1b4c8fdd46349ea"}, {"condition_id": "0x6c43b8f1b2588dd71ddbc3109747eff02061c4471b8c5a45a205eddd4311393a", "id": "0x47a1a9d6e6a37844a1c3049271ce8ec6fb12172121677ac0507474eb95f796e4_0xa0fb7e0eb549f991e287938bf60cf1c4531000957ecccfb03ffe2ec9d654d4e1", "outcome": "Under", "price": 0.48, "proxy_wallet": "0xc660ae71765d0d9eaf5fa8328c1c959841d2bd28", "side": "BUY", "size": 66.47, "slug": "mlb-nym-tor-2026-07-01-total-8pt5", "timestamp": "2026-07-01T18:40:07Z", "token_id": "58991558424769802525302145120674841359069817050341448535658399211892028924641", "transaction_hash": "0x47a1a9d6e6a37844a1c3049271ce8ec6fb12172121677ac0507474eb95f796e4"}, {"condition_id": "0x75c001657761d5dce1e0a81705a7381b247c31aa2b0d8e9c64de314da5968952", "id": "0x1dbdc34c17c8c3fd39836d112de553cba125d8c162545597615bf9141658b939_0xa239bf545da2b138afc77c85e6f2e3e7f57c82bd79a5f81ec2fe2a508b1dd8a0", "outcome": "Over", "price": 0.52, "proxy_wallet": "0xc660ae71765d0d9eaf5fa8328c1c959841d2bd28", "side": "BUY", "size": 10450, "slug": "mlb-mia-col-2026-06-29-total-11pt5", "timestamp": "2026-06-30T00:00:37Z", "token_id": "33824169152737085527670361372502431558826777318071712893261072199388231317795", "transaction_hash": "0x1dbdc34c17c8c3fd39836d112de553cba125d8c162545597615bf9141658b939"}, {"condition_id": "0x45ef31309ac10fd32e81b1d661b720a39f84edc41875b8c8026fab5aac3f11fd", "id": "0xa0b9f8273b82502bc41f85cc0d38704d79f7a78ee77eef7e99436c9715ce3c82_0xed3866e8435de36c64e731be5a3b72d2284f0e6dad0483b841104be1c1371cab", "outcome": "Cleveland Guardians", "price": 0.42, "proxy_wallet": "0xc660ae71765d0d9eaf5fa8328c1c959841d2bd28", "side": "BUY", "size": 14425.58, "slug": "mlb-sea-cle-2026-06-27", "timestamp": "2026-06-27T23:07:14Z", "token_id": "114751715514538046718439606499376831503977179507127527830147723800397358752996", "transaction_hash": "0xa0b9f8273b82502bc41f85cc0d38704d79f7a78ee77eef7e99436c9715ce3c82"}, {"condition_id": "0x276bc80f1f6576865e8db86bf02187daf862303bd6bc6c7b53ebcf62b1585425", "id": "0xd4f54a2b9de756f18aca174730a3592d3c2a90fb894f7a024d9a603eeb0b9356_0xf063a0a88ebad3ac8b1e1db0accaccd9c5a05d023c4e75632d2af01d317a82ac", "outcome": "Pittsburgh Pirates", "price": 0.5, "proxy_wallet": "0xc660ae71765d0d9eaf5fa8328c1c959841d2bd28", "side": "BUY", "size": 4, "slug": "mlb-cin-pit-2026-06-27", "timestamp": "2026-06-27T19:21:44Z", "token_id": "16800599648402828527443381542016141514631846162873081120905997820382580021073", "transaction_hash": "0xd4f54a2b9de756f18aca174730a3592d3c2a90fb894f7a024d9a603eeb0b9356"}, {"condition_id": "0x276bc80f1f6576865e8db86bf02187daf862303bd6bc6c7b53ebcf62b1585425", "id": "0x0ae875d94b0b9e3c7723796f442602743b28ee1de76376a989ca562d33785f26_0xf063a0a88ebad3ac8b1e1db0accaccd9c5a05d023c4e75632d2af01d317a82ac", "outcome": "Pittsburgh Pirates", "price": 0.5, "proxy_wallet": "0xc660ae71765d0d9eaf5fa8328c1c959841d2bd28", "side": "BUY", "size": 7.12, "slug": "mlb-cin-pit-2026-06-27", "timestamp": "2026-06-27T19:21:40Z", "token_id": "16800599648402828527443381542016141514631846162873081120905997820382580021073", "transaction_hash": "0x0ae875d94b0b9e3c7723796f442602743b28ee1de76376a989ca562d33785f26"}, {"condition_id": "0x276bc80f1f6576865e8db86bf02187daf862303bd6bc6c7b53ebcf62b1585425", "id": "0x4684a18353d504e5a49bb623bed742c54e68c8024f485df33f6f9716b1fcb68e_0xf063a0a88ebad3ac8b1e1db0accaccd9c5a05d023c4e75632d2af01d317a82ac", "outcome": "Pittsburgh Pirates", "price": 0.5, "proxy_wallet": "0xc660ae71765d0d9eaf5fa8328c1c959841d2bd28", "side": "BUY", "size": 2, "slug": "mlb-cin-pit-2026-06-27", "timestamp": "2026-06-27T19:20:55Z", "token_id": "16800599648402828527443381542016141514631846162873081120905997820382580021073", "transaction_hash": "0x4684a18353d504e5a49bb623bed742c54e68c8024f485df33f6f9716b1fcb68e"}, {"condition_id": "0x276bc80f1f6576865e8db86bf02187daf862303bd6bc6c7b53ebcf62b1585425", "id": "0xfc743c432f2d8ff9eb46bd4bc9194dc538bb8919c645317bc91db563ca048db4_0xf063a0a88ebad3ac8b1e1db0accaccd9c5a05d023c4e75632d2af01d317a82ac", "outcome": "Pittsburgh Pirates", "price": 0.5, "proxy_wallet": "0xc660ae71765d0d9eaf5fa8328c1c959841d2bd28", "side": "BUY", "size": 2, "slug": "mlb-cin-pit-2026-06-27", "timestamp": "2026-06-27T19:20:41Z", "token_id": "16800599648402828527443381542016141514631846162873081120905997820382580021073", "transaction_hash": "0xfc743c432f2d8ff9eb46bd4bc9194dc538bb8919c645317bc91db563ca048db4"}, {"condition_id": "0x276bc80f1f6576865e8db86bf02187daf862303bd6bc6c7b53ebcf62b1585425", "id": "0x22a7c8a18442e2722ece9fb48221b784c5e02e5c059c4e526644b60c82dc85c8_0xf063a0a88ebad3ac8b1e1db0accaccd9c5a05d023c4e75632d2af01d317a82ac", "outcome": "Pittsburgh Pirates", "price": 0.5, "proxy_wallet": "0xc660ae71765d0d9eaf5fa8328c1c959841d2bd28", "side": "BUY", "size": 1984.77, "slug": "mlb-cin-pit-2026-06-27", "timestamp": "2026-06-27T19:19:59Z", "token_id": "16800599648402828527443381542016141514631846162873081120905997820382580021073", "transaction_hash": "0x22a7c8a18442e2722ece9fb48221b784c5e02e5c059c4e526644b60c82dc85c8"}, {"condition_id": "0x276bc80f1f6576865e8db86bf02187daf862303bd6bc6c7b53ebcf62b1585425", "id": "0x04c7ba6705cc3a3ee1bcfd8f723323057d38872e64323ea82ca4c7fb611945c5_0xf063a0a88ebad3ac8b1e1db0accaccd9c5a05d023c4e75632d2af01d317a82ac", "outcome": "Pittsburgh Pirates", "price": 0.5, "proxy_wallet": "0xc660ae71765d0d9eaf5fa8328c1c959841d2bd28", "side": "BUY", "size": 237.98, "slug": "mlb-cin-pit-2026-06-27", "timestamp": "2026-06-27T19:19:40Z", "token_id": "16800599648402828527443381542016141514631846162873081120905997820382580021073", "transaction_hash": "0x04c7ba6705cc3a3ee1bcfd8f723323057d38872e64323ea82ca4c7fb611945c5"}], "polled_at": "2026-07-02T01:49:27.108668+00:00"}