{"wallet": "0x21f333307ac6d2e65ac82f014b3dd2b64cbc35e3", "total_trades_90d": 200, "mlb_trades_count": 45, "mlb_condition_ids": ["0x04c736342b639e05fc4eb5512a7b46fec794e79c93a6c06b89e866fe70d15003", "0x3e47e9ab777735fd1dae04df35e34536c38cbd4a01f173eb1acee0ce88b80c13", "0x405ad8b0b07bc4296631721c78e94677f65e6f2b2ebd1d550b0e25894752fcff", "0x503cc08c1fcff5bcca91d07c143e87b3bddd68566445851e93db965e6a1a122d", "0x6c43b8f1b2588dd71ddbc3109747eff02061c4471b8c5a45a205eddd4311393a", "0x7064b4bf253860b051624b34e4b58db0a05e63b08248c7f337407ea1ddcf58ae", "0x9393dfde27f17a0ff4feb8e0b2ec374b823be80363257525262154d8b498c50b", "0x9f1fc9fa4e0af34538485d07cd1ca93fd0d7a45989346ed94be84dada491d2a6", "0x9fd1dc171c922192e9f1ca0df99f741f72d6aecacd9f8ad766c146f10158b8b0", "0xe41d7765de1a7284223b88475ce83a497e758bf6d355e3fd23bceda348812e38", "0xffcc16466bec36ad1a0d27106b53eaf338b4013c40fa6fdf446819e14318141d"], "mlb_trade_details": [{"condition_id": "0x9f1fc9fa4e0af34538485d07cd1ca93fd0d7a45989346ed94be84dada491d2a6", "id": "0xc9a9754b91deb438c4553ea5b6363942e887c268245e46496361524943281e92_0x934e77e5535febe666a294150c1fb729f61c129cd3dfa50dc36f7040515d8582", "outcome": "Under", "price": 0.44999999999999996, "proxy_wallet": "0x21f333307ac6d2e65ac82f014b3dd2b64cbc35e3", "side": "BUY", "size": 78.816, "slug": "mlb-lad-oak-2026-07-01-total-10pt5", "timestamp": "2026-07-02T01:40:53Z", "token_id": "68403683078011534181983449453403670223956468783815711662812446853492543129439", "transaction_hash": "0xc9a9754b91deb438c4553ea5b6363942e887c268245e46496361524943281e92"}, {"condition_id": "0x9f1fc9fa4e0af34538485d07cd1ca93fd0d7a45989346ed94be84dada491d2a6", "id": "0x080112660bc403d4e6395d1150216feaa5c2695ef52864e7a651bdfdb726d375_0x66877d2a53abd057eac28b7413c673e66c7491bb3ae2673adcac4d5624cd884e", "outcome": "Over", "price": 0.53, "proxy_wallet": "0x21f333307ac6d2e65ac82f014b3dd2b64cbc35e3", "side": "BUY", "size": 3356.6, "slug": "mlb-lad-oak-2026-07-01-total-10pt5", "timestamp": "2026-07-02T00:55:32Z", "token_id": "92620761428944922956770224102189954226304053863195882532869152771631024111160", "transaction_hash": "0x080112660bc403d4e6395d1150216feaa5c2695ef52864e7a651bdfdb726d375"}, {"condition_id": "0xe41d7765de1a7284223b88475ce83a497e758bf6d355e3fd23bceda348812e38", "id": "0x92808313dfbf8457e383998064467d2108c0eadfb726626b4b1f18abe5dcad53_0xfd7be1f7295d46ed8b7be08f984e7731d13c62f1d98c4746f58a00697c9b03c4", "outcome": "Over", "price": 0.42999999999999994, "proxy_wallet": "0x21f333307ac6d2e65ac82f014b3dd2b64cbc35e3", "side": "BUY", "size": 2088.51, "slug": "mlb-mia-col-2026-07-01-total-11pt5", "timestamp": "2026-07-02T00:39:35Z", "token_id": "89453075081014189886159827084862252732405426855168070193736365040916341405855", "transaction_hash": "0x92808313dfbf8457e383998064467d2108c0eadfb726626b4b1f18abe5dcad53"}, {"condition_id": "0x503cc08c1fcff5bcca91d07c143e87b3bddd68566445851e93db965e6a1a122d", "id": "0x50e7d0ac6f41101cdddb024a8f674c872c5ebf48d17fa66961873b70848cb87c_0x250dd6c4daf988f1aa0531e56840d04ba7eef1b134a25611abfa0f23c3f60461", "outcome": "Colorado Rockies", "price": 0.43000000058346843, "proxy_wallet": "0x21f333307ac6d2e65ac82f014b3dd2b64cbc35e3", "side": "BUY", "size": 411.333332, "slug": "mlb-mia-col-2026-07-01", "timestamp": "2026-07-02T00:09:26Z", "token_id": "77275020519117476392252162482053003018718756533700410205853872084141713559998", "transaction_hash": "0x50e7d0ac6f41101cdddb024a8f674c872c5ebf48d17fa66961873b70848cb87c"}, {"condition_id": "0x503cc08c1fcff5bcca91d07c143e87b3bddd68566445851e93db965e6a1a122d", "id": "0x36d26ad0a49b9d56b43aff6e0e5a1ebd726718f20b009ceaab75ea226424bc7f_0x250dd6c4daf988f1aa0531e56840d04ba7eef1b134a25611abfa0f23c3f60461", "outcome": "Colorado Rockies", "price": 0.43, "proxy_wallet": "0x21f333307ac6d2e65ac82f014b3dd2b64cbc35e3", "side": "BUY", "size": 100, "slug": "mlb-mia-col-2026-07-01", "timestamp": "2026-07-02T00:09:14Z", "token_id": "77275020519117476392252162482053003018718756533700410205853872084141713559998", "transaction_hash": "0x36d26ad0a49b9d56b43aff6e0e5a1ebd726718f20b009ceaab75ea226424bc7f"}, {"condition_id": "0x503cc08c1fcff5bcca91d07c143e87b3bddd68566445851e93db965e6a1a122d", "id": "0xdc0becba16ccf4179ceb7c92848e5478d289979da9de1897b2d012433670243d_0x250dd6c4daf988f1aa0531e56840d04ba7eef1b134a25611abfa0f23c3f60461", "outcome": "Colorado Rockies", "price": 0.43, "proxy_wallet": "0x21f333307ac6d2e65ac82f014b3dd2b64cbc35e3", "side": "BUY", "size": 211.19, "slug": "mlb-mia-col-2026-07-01", "timestamp": "2026-07-02T00:00:59Z", "token_id": "77275020519117476392252162482053003018718756533700410205853872084141713559998", "transaction_hash": "0xdc0becba16ccf4179ceb7c92848e5478d289979da9de1897b2d012433670243d"}, {"condition_id": "0x503cc08c1fcff5bcca91d07c143e87b3bddd68566445851e93db965e6a1a122d", "id": "0xbca011bc40ea3c28d1f265af1941b0b03af4cddb4d18b12fbbc945b2e39d82f7_0x250dd6c4daf988f1aa0531e56840d04ba7eef1b134a25611abfa0f23c3f60461", "outcome": "Colorado Rockies", "price": 0.430000000304, "proxy_wallet": "0x21f333307ac6d2e65ac82f014b3dd2b64cbc35e3", "side": "BUY", "size": 526.315788, "slug": "mlb-mia-col-2026-07-01", "timestamp": "2026-07-01T23:55:23Z", "token_id": "77275020519117476392252162482053003018718756533700410205853872084141713559998", "transaction_hash": "0xbca011bc40ea3c28d1f265af1941b0b03af4cddb4d18b12fbbc945b2e39d82f7"}, {"condition_id": "0x503cc08c1fcff5bcca91d07c143e87b3bddd68566445851e93db965e6a1a122d", "id": "0x4450985c5a84fc3d2f4829293786c84fb978c0922e6f5fceae499d95f47bf183_0x250dd6c4daf988f1aa0531e56840d04ba7eef1b134a25611abfa0f23c3f60461", "outcome": "Colorado Rockies", "price": 0.43000009405007855, "proxy_wallet": "0x21f333307ac6d2e65ac82f014b3dd2b64cbc35e3", "side": "BUY", "size": 3.508769, "slug": "mlb-mia-col-2026-07-01", "timestamp": "2026-07-01T23:54:19Z", "token_id": "77275020519117476392252162482053003018718756533700410205853872084141713559998", "transaction_hash": "0x4450985c5a84fc3d2f4829293786c84fb978c0922e6f5fceae499d95f47bf183"}, {"condition_id": "0x503cc08c1fcff5bcca91d07c143e87b3bddd68566445851e93db965e6a1a122d", "id": "0x1f1b0dc2b8d65210d9b1e2453818a11a489a6a3ff868caf18f628eafbefcf79b_0x250dd6c4daf988f1aa0531e56840d04ba7eef1b134a25611abfa0f23c3f60461", "outcome": "Colorado Rockies", "price": 0.4300001767002986, "proxy_wallet": "0x21f333307ac6d2e65ac82f014b3dd2b64cbc35e3", "side": "BUY", "size": 1.754383, "slug": "mlb-mia-col-2026-07-01", "timestamp": "2026-07-01T23:54:05Z", "token_id": "77275020519117476392252162482053003018718756533700410205853872084141713559998", "transaction_hash": "0x1f1b0dc2b8d65210d9b1e2453818a11a489a6a3ff868caf18f628eafbefcf79b"}, {"condition_id": "0x503cc08c1fcff5bcca91d07c143e87b3bddd68566445851e93db965e6a1a122d", "id": "0xa15920de5627ff58adf118d0208c699a3af1247a1fc386228ed96a4fc8c50abd_0x250dd6c4daf988f1aa0531e56840d04ba7eef1b134a25611abfa0f23c3f60461", "outcome": "Colorado Rockies", "price": 0.4300000304487228, "proxy_wallet": "0x21f333307ac6d2e65ac82f014b3dd2b64cbc35e3", "side": "BUY", "size": 8.210525, "slug": "mlb-mia-col-2026-07-01", "timestamp": "2026-07-01T23:50:13Z", "token_id": "77275020519117476392252162482053003018718756533700410205853872084141713559998", "transaction_hash": "0xa15920de5627ff58adf118d0208c699a3af1247a1fc386228ed96a4fc8c50abd"}, {"condition_id": "0x503cc08c1fcff5bcca91d07c143e87b3bddd68566445851e93db965e6a1a122d", "id": "0x271f53480cc319ebb9d4990584fed658aac852d667d0273b1f71b07882f9f913_0x250dd6c4daf988f1aa0531e56840d04ba7eef1b134a25611abfa0f23c3f60461", "outcome": "Colorado Rockies", "price": 0.4300001125478919, "proxy_wallet": "0x21f333307ac6d2e65ac82f014b3dd2b64cbc35e3", "side": "BUY", "size": 2.754383, "slug": "mlb-mia-col-2026-07-01", "timestamp": "2026-07-01T23:44:08Z", "token_id": "77275020519117476392252162482053003018718756533700410205853872084141713559998", "transaction_hash": "0x271f53480cc319ebb9d4990584fed658aac852d667d0273b1f71b07882f9f913"}, {"condition_id": "0x503cc08c1fcff5bcca91d07c143e87b3bddd68566445851e93db965e6a1a122d", "id": "0xad5fac3122ad97254cee38bc0c7e46456bc351d54b42ae4e2df4d411b1fd3523_0x250dd6c4daf988f1aa0531e56840d04ba7eef1b134a25611abfa0f23c3f60461", "outcome": "Colorado Rockies", "price": 0.43, "proxy_wallet": "0x21f333307ac6d2e65ac82f014b3dd2b64cbc35e3", "side": "BUY", "size": 5, "slug": "mlb-mia-col-2026-07-01", "timestamp": "2026-07-01T23:44:07Z", "token_id": "77275020519117476392252162482053003018718756533700410205853872084141713559998", "transaction_hash": "0xad5fac3122ad97254cee38bc0c7e46456bc351d54b42ae4e2df4d411b1fd3523"}, {"condition_id": "0x503cc08c1fcff5bcca91d07c143e87b3bddd68566445851e93db965e6a1a122d", "id": "0xa849c7c5780c543df2db2e773b1144eecc0e2303da9a7f47f30b91de66488157_0x250dd6c4daf988f1aa0531e56840d04ba7eef1b134a25611abfa0f23c3f60461", "outcome": "Colorado Rockies", "price": 0.4300000118873836, "proxy_wallet": "0x21f333307ac6d2e65ac82f014b3dd2b64cbc35e3", "side": "BUY", "size": 16.82456, "slug": "mlb-mia-col-2026-07-01", "timestamp": "2026-07-01T23:43:40Z", "token_id": "77275020519117476392252162482053003018718756533700410205853872084141713559998", "transaction_hash": "0xa849c7c5780c543df2db2e773b1144eecc0e2303da9a7f47f30b91de66488157"}, {"condition_id": "0x503cc08c1fcff5bcca91d07c143e87b3bddd68566445851e93db965e6a1a122d", "id": "0x4f24a15818d6cf722856f897b9a2a9a555fe78cea187b58f2d3a3c7f8f190413_0x250dd6c4daf988f1aa0531e56840d04ba7eef1b134a25611abfa0f23c3f60461", "outcome": "Colorado Rockies", "price": 0.4300000030465518, "proxy_wallet": "0x21f333307ac6d2e65ac82f014b3dd2b64cbc35e3", "side": "BUY", "size": 101.754383, "slug": "mlb-mia-col-2026-07-01", "timestamp": "2026-07-01T23:43:34Z", "token_id": "77275020519117476392252162482053003018718756533700410205853872084141713559998", "transaction_hash": "0x4f24a15818d6cf722856f897b9a2a9a555fe78cea187b58f2d3a3c7f8f190413"}, {"condition_id": "0x503cc08c1fcff5bcca91d07c143e87b3bddd68566445851e93db965e6a1a122d", "id": "0x23f8f94b0d912ca388ee202d0a0a1462d74cc0db9aa32648038d12db5a6aed15_0x250dd6c4daf988f1aa0531e56840d04ba7eef1b134a25611abfa0f23c3f60461", "outcome": "Colorado Rockies", "price": 0.4300000202281387, "proxy_wallet": "0x21f333307ac6d2e65ac82f014b3dd2b64cbc35e3", "side": "BUY", "size": 13.842104, "slug": "mlb-mia-col-2026-07-01", "timestamp": "2026-07-01T23:42:49Z", "token_id": "77275020519117476392252162482053003018718756533700410205853872084141713559998", "transaction_hash": "0x23f8f94b0d912ca388ee202d0a0a1462d74cc0db9aa32648038d12db5a6aed15"}, {"condition_id": "0x503cc08c1fcff5bcca91d07c143e87b3bddd68566445851e93db965e6a1a122d", "id": "0x6a4ed6e0d6a3776c6a79ee1f1fa747340562e4681fbe96a833c287568a22ae65_0x250dd6c4daf988f1aa0531e56840d04ba7eef1b134a25611abfa0f23c3f60461", "outcome": "Colorado Rockies", "price": 0.4300001767002986, "proxy_wallet": "0x21f333307ac6d2e65ac82f014b3dd2b64cbc35e3", "side": "BUY", "size": 1.754383, "slug": "mlb-mia-col-2026-07-01", "timestamp": "2026-07-01T23:42:40Z", "token_id": "77275020519117476392252162482053003018718756533700410205853872084141713559998", "transaction_hash": "0x6a4ed6e0d6a3776c6a79ee1f1fa747340562e4681fbe96a833c287568a22ae65"}, {"condition_id": "0x503cc08c1fcff5bcca91d07c143e87b3bddd68566445851e93db965e6a1a122d", "id": "0xb5dc807fb326bbfb143d7306d19e9df7d3a9ec0294be3d3377bc46793c5ccf77_0x250dd6c4daf988f1aa0531e56840d04ba7eef1b134a25611abfa0f23c3f60461", "outcome": "Colorado Rockies", "price": 0.43000001352372663, "proxy_wallet": "0x21f333307ac6d2e65ac82f014b3dd2b64cbc35e3", "side": "BUY", "size": 19.964911, "slug": "mlb-mia-col-2026-07-01", "timestamp": "2026-07-01T23:42:37Z", "token_id": "77275020519117476392252162482053003018718756533700410205853872084141713559998", "transaction_hash": "0xb5dc807fb326bbfb143d7306d19e9df7d3a9ec0294be3d3377bc46793c5ccf77"}, {"condition_id": "0x503cc08c1fcff5bcca91d07c143e87b3bddd68566445851e93db965e6a1a122d", "id": "0x7bac6d98c98c0c1237719758f07757afaf02caefa11df1c62d49b9029800d4ed_0x250dd6c4daf988f1aa0531e56840d04ba7eef1b134a25611abfa0f23c3f60461", "outcome": "Colorado Rockies", "price": 0.43000000463415006, "proxy_wallet": "0x21f333307ac6d2e65ac82f014b3dd2b64cbc35e3", "side": "BUY", "size": 2.157893, "slug": "mlb-mia-col-2026-07-01", "timestamp": "2026-07-01T23:42:37Z", "token_id": "77275020519117476392252162482053003018718756533700410205853872084141713559998", "transaction_hash": "0x7bac6d98c98c0c1237719758f07757afaf02caefa11df1c62d49b9029800d4ed"}, {"condition_id": "0x503cc08c1fcff5bcca91d07c143e87b3bddd68566445851e93db965e6a1a122d", "id": "0xd7489fd5c7ea7c6ae47c78db78f076c46aac8adc941402fe6590fa4cca02218e_0x250dd6c4daf988f1aa0531e56840d04ba7eef1b134a25611abfa0f23c3f60461", "outcome": "Colorado Rockies", "price": 0.42999999999999994, "proxy_wallet": "0x21f333307ac6d2e65ac82f014b3dd2b64cbc35e3", "side": "BUY", "size": 4.2807, "slug": "mlb-mia-col-2026-07-01", "timestamp": "2026-07-01T23:42:37Z", "token_id": "77275020519117476392252162482053003018718756533700410205853872084141713559998", "transaction_hash": "0xd7489fd5c7ea7c6ae47c78db78f076c46aac8adc941402fe6590fa4cca02218e"}, {"condition_id": "0x503cc08c1fcff5bcca91d07c143e87b3bddd68566445851e93db965e6a1a122d", "id": "0xed60218b296af3c96e5a88a769f526b16488af6418461810bce4e0552c41411e_0x250dd6c4daf988f1aa0531e56840d04ba7eef1b134a25611abfa0f23c3f60461", "outcome": "Colorado Rockies", "price": 0.4300001767002986, "proxy_wallet": "0x21f333307ac6d2e65ac82f014b3dd2b64cbc35e3", "side": "BUY", "size": 1.754383, "slug": "mlb-mia-col-2026-07-01", "timestamp": "2026-07-01T23:42:37Z", "token_id": "77275020519117476392252162482053003018718756533700410205853872084141713559998", "transaction_hash": "0xed60218b296af3c96e5a88a769f526b16488af6418461810bce4e0552c41411e"}, {"condition_id": "0x503cc08c1fcff5bcca91d07c143e87b3bddd68566445851e93db965e6a1a122d", "id": "0xdef956c6cbdcb43292e264a5363517126fcc80610d1992356d872aaa70d4ef02_0x250dd6c4daf988f1aa0531e56840d04ba7eef1b134a25611abfa0f23c3f60461", "outcome": "Colorado Rockies", "price": 0.4300000853061676, "proxy_wallet": "0x21f333307ac6d2e65ac82f014b3dd2b64cbc35e3", "side": "BUY", "size": 2.578946, "slug": "mlb-mia-col-2026-07-01", "timestamp": "2026-07-01T23:42:37Z", "token_id": "77275020519117476392252162482053003018718756533700410205853872084141713559998", "transaction_hash": "0xdef956c6cbdcb43292e264a5363517126fcc80610d1992356d872aaa70d4ef02"}, {"condition_id": "0x503cc08c1fcff5bcca91d07c143e87b3bddd68566445851e93db965e6a1a122d", "id": "0xfb1307148b85cc72cf9fad0455c283d7d89daeb58b28fb45050aa05f15c2afd0_0x250dd6c4daf988f1aa0531e56840d04ba7eef1b134a25611abfa0f23c3f60461", "outcome": "Colorado Rockies", "price": 0.43000008420458086, "proxy_wallet": "0x21f333307ac6d2e65ac82f014b3dd2b64cbc35e3", "side": "BUY", "size": 3.087718, "slug": "mlb-mia-col-2026-07-01", "timestamp": "2026-07-01T23:42:37Z", "token_id": "77275020519117476392252162482053003018718756533700410205853872084141713559998", "transaction_hash": "0xfb1307148b85cc72cf9fad0455c283d7d89daeb58b28fb45050aa05f15c2afd0"}, {"condition_id": "0x503cc08c1fcff5bcca91d07c143e87b3bddd68566445851e93db965e6a1a122d", "id": "0xcf45edbc504522a3145126ff89bea370312ab9af904c0f9568016d76daf36709_0x250dd6c4daf988f1aa0531e56840d04ba7eef1b134a25611abfa0f23c3f60461", "outcome": "Colorado Rockies", "price": 0.4300000932727544, "proxy_wallet": "0x21f333307ac6d2e65ac82f014b3dd2b64cbc35e3", "side": "BUY", "size": 3.859648, "slug": "mlb-mia-col-2026-07-01", "timestamp": "2026-07-01T23:42:37Z", "token_id": "77275020519117476392252162482053003018718756533700410205853872084141713559998", "transaction_hash": "0xcf45edbc504522a3145126ff89bea370312ab9af904c0f9568016d76daf36709"}, {"condition_id": "0x503cc08c1fcff5bcca91d07c143e87b3bddd68566445851e93db965e6a1a122d", "id": "0x422979ca5f1c5e8cea3ec261f870ba49cc2acdb79e5dd7fdae18c36f0453feff_0x250dd6c4daf988f1aa0531e56840d04ba7eef1b134a25611abfa0f23c3f60461", "outcome": "Colorado Rockies", "price": 0.4300001096154689, "proxy_wallet": "0x21f333307ac6d2e65ac82f014b3dd2b64cbc35e3", "side": "BUY", "size": 1.82456, "slug": "mlb-mia-col-2026-07-01", "timestamp": "2026-07-01T23:42:37Z", "token_id": "77275020519117476392252162482053003018718756533700410205853872084141713559998", "transaction_hash": "0x422979ca5f1c5e8cea3ec261f870ba49cc2acdb79e5dd7fdae18c36f0453feff"}, {"condition_id": "0x503cc08c1fcff5bcca91d07c143e87b3bddd68566445851e93db965e6a1a122d", "id": "0x9cdb44296e2e3237dfc114790f84e9712b99b185b518e577f0549ef92fce9999_0x250dd6c4daf988f1aa0531e56840d04ba7eef1b134a25611abfa0f23c3f60461", "outcome": "Colorado Rockies", "price": 0.43000001635246193, "proxy_wallet": "0x21f333307ac6d2e65ac82f014b3dd2b64cbc35e3", "side": "BUY", "size": 8.561402, "slug": "mlb-mia-col-2026-07-01", "timestamp": "2026-07-01T23:42:32Z", "token_id": "77275020519117476392252162482053003018718756533700410205853872084141713559998", "transaction_hash": "0x9cdb44296e2e3237dfc114790f84e9712b99b185b518e577f0549ef92fce9999"}, {"condition_id": "0x503cc08c1fcff5bcca91d07c143e87b3bddd68566445851e93db965e6a1a122d", "id": "0xb43698a0f61f51e8726649673d4adc6be033c7f20250640729d9e0b655ac56b4_0x250dd6c4daf988f1aa0531e56840d04ba7eef1b134a25611abfa0f23c3f60461", "outcome": "Colorado Rockies", "price": 0.43, "proxy_wallet": "0x21f333307ac6d2e65ac82f014b3dd2b64cbc35e3", "side": "BUY", "size": 8, "slug": "mlb-mia-col-2026-07-01", "timestamp": "2026-07-01T23:42:20Z", "token_id": "77275020519117476392252162482053003018718756533700410205853872084141713559998", "transaction_hash": "0xb43698a0f61f51e8726649673d4adc6be033c7f20250640729d9e0b655ac56b4"}, {"condition_id": "0x503cc08c1fcff5bcca91d07c143e87b3bddd68566445851e93db965e6a1a122d", "id": "0x5e65432378ece1bd19917dd9ede22b62751c987194a29db700bbd4933a6d95a8_0x250dd6c4daf988f1aa0531e56840d04ba7eef1b134a25611abfa0f23c3f60461", "outcome": "Colorado Rockies", "price": 0.4300001767002986, "proxy_wallet": "0x21f333307ac6d2e65ac82f014b3dd2b64cbc35e3", "side": "BUY", "size": 1.754383, "slug": "mlb-mia-col-2026-07-01", "timestamp": "2026-07-01T23:42:20Z", "token_id": "77275020519117476392252162482053003018718756533700410205853872084141713559998", "transaction_hash": "0x5e65432378ece1bd19917dd9ede22b62751c987194a29db700bbd4933a6d95a8"}, {"condition_id": "0x9fd1dc171c922192e9f1ca0df99f741f72d6aecacd9f8ad766c146f10158b8b0", "id": "0xf6ee6e02235f04c367e54b03f525c8125b0066ad00707b80036a6b60844d9d83_0xc6e3ab1182479631e94ec4d8bdb8e219256293749976dd47e354e4af18328ce7", "outcome": "Miami Marlins", "price": 0.47, "proxy_wallet": "0x21f333307ac6d2e65ac82f014b3dd2b64cbc35e3", "side": "BUY", "size": 3394.14, "slug": "mlb-mia-col-2026-07-01-spread-away-1pt5", "timestamp": "2026-07-01T23:42:20Z", "token_id": "1030326759213566879833789443578230929908870427788513665960650712694228479769", "transaction_hash": "0xf6ee6e02235f04c367e54b03f525c8125b0066ad00707b80036a6b60844d9d83"}, {"condition_id": "0x503cc08c1fcff5bcca91d07c143e87b3bddd68566445851e93db965e6a1a122d", "id": "0x01780431ded864c3d9a550f3d37162a83b7d40d34c3cbcb44ec581150cb072fd_0x250dd6c4daf988f1aa0531e56840d04ba7eef1b134a25611abfa0f23c3f60461", "outcome": "Colorado Rockies", "price": 0.43, "proxy_wallet": "0x21f333307ac6d2e65ac82f014b3dd2b64cbc35e3", "side": "BUY", "size": 8, "slug": "mlb-mia-col-2026-07-01", "timestamp": "2026-07-01T23:40:41Z", "token_id": "77275020519117476392252162482053003018718756533700410205853872084141713559998", "transaction_hash": "0x01780431ded864c3d9a550f3d37162a83b7d40d34c3cbcb44ec581150cb072fd"}, {"condition_id": "0x503cc08c1fcff5bcca91d07c143e87b3bddd68566445851e93db965e6a1a122d", "id": "0x19c919e3eab8aaa016c5c7cf0f395e9ea4510c71657fb2c487d0f2cde15a75ff_0x250dd6c4daf988f1aa0531e56840d04ba7eef1b134a25611abfa0f23c3f60461", "outcome": "Colorado Rockies", "price": 0.4300001767002986, "proxy_wallet": "0x21f333307ac6d2e65ac82f014b3dd2b64cbc35e3", "side": "BUY", "size": 1.754383, "slug": "mlb-mia-col-2026-07-01", "timestamp": "2026-07-01T23:40:41Z", "token_id": "77275020519117476392252162482053003018718756533700410205853872084141713559998", "transaction_hash": "0x19c919e3eab8aaa016c5c7cf0f395e9ea4510c71657fb2c487d0f2cde15a75ff"}, {"condition_id": "0x503cc08c1fcff5bcca91d07c143e87b3bddd68566445851e93db965e6a1a122d", "id": "0xb6625c5bc33f9ec365b8512e6c5b673cab3ed3c11657912379972408eee44d7f_0x250dd6c4daf988f1aa0531e56840d04ba7eef1b134a25611abfa0f23c3f60461", "outcome": "Colorado Rockies", "price": 0.4300000025333336, "proxy_wallet": "0x21f333307ac6d2e65ac82f014b3dd2b64cbc35e3", "side": "BUY", "size": 15.789472, "slug": "mlb-mia-col-2026-07-01", "timestamp": "2026-07-01T23:38:49Z", "token_id": "77275020519117476392252162482053003018718756533700410205853872084141713559998", "transaction_hash": "0xb6625c5bc33f9ec365b8512e6c5b673cab3ed3c11657912379972408eee44d7f"}, {"condition_id": "0x503cc08c1fcff5bcca91d07c143e87b3bddd68566445851e93db965e6a1a122d", "id": "0xa8fc717e34c603dfc46d79a018e0e5dc8b3a9e7cc6593e43442f6fa1d94b3186_0x250dd6c4daf988f1aa0531e56840d04ba7eef1b134a25611abfa0f23c3f60461", "outcome": "Colorado Rockies", "price": 0.43000008235743387, "proxy_wallet": "0x21f333307ac6d2e65ac82f014b3dd2b64cbc35e3", "side": "BUY", "size": 4.614034, "slug": "mlb-mia-col-2026-07-01", "timestamp": "2026-07-01T23:35:16Z", "token_id": "77275020519117476392252162482053003018718756533700410205853872084141713559998", "transaction_hash": "0xa8fc717e34c603dfc46d79a018e0e5dc8b3a9e7cc6593e43442f6fa1d94b3186"}, {"condition_id": "0x503cc08c1fcff5bcca91d07c143e87b3bddd68566445851e93db965e6a1a122d", "id": "0x7545a68b94f242211c6b857f8e72bb055ad0a8794f4d7ee080116c39491885ab_0x250dd6c4daf988f1aa0531e56840d04ba7eef1b134a25611abfa0f23c3f60461", "outcome": "Colorado Rockies", "price": 0.43, "proxy_wallet": "0x21f333307ac6d2e65ac82f014b3dd2b64cbc35e3", "side": "BUY", "size": 17, "slug": "mlb-mia-col-2026-07-01", "timestamp": "2026-07-01T23:34:38Z", "token_id": "77275020519117476392252162482053003018718756533700410205853872084141713559998", "transaction_hash": "0x7545a68b94f242211c6b857f8e72bb055ad0a8794f4d7ee080116c39491885ab"}, {"condition_id": "0x503cc08c1fcff5bcca91d07c143e87b3bddd68566445851e93db965e6a1a122d", "id": "0x156239a39ff8e5d81a5cde1c348294f6b5eaf46378a21148630275e8222bec1a_0x250dd6c4daf988f1aa0531e56840d04ba7eef1b134a25611abfa0f23c3f60461", "outcome": "Colorado Rockies", "price": 0.43000009405007855, "proxy_wallet": "0x21f333307ac6d2e65ac82f014b3dd2b64cbc35e3", "side": "BUY", "size": 3.508769, "slug": "mlb-mia-col-2026-07-01", "timestamp": "2026-07-01T23:32:43Z", "token_id": "77275020519117476392252162482053003018718756533700410205853872084141713559998", "transaction_hash": "0x156239a39ff8e5d81a5cde1c348294f6b5eaf46378a21148630275e8222bec1a"}, {"condition_id": "0x9393dfde27f17a0ff4feb8e0b2ec374b823be80363257525262154d8b498c50b", "id": "0x562d2f41f47a538c453597e8c7508604f01ecfe296548b3673efaa4a511a13d5_0xcd1826b0edd696636ef811da6bfcc54e3c16b719dcd0c78599461254f6103f8c", "outcome": "Milwaukee Brewers", "price": 0.41000000000000003, "proxy_wallet": "0x21f333307ac6d2e65ac82f014b3dd2b64cbc35e3", "side": "BUY", "size": 4344.58, "slug": "mlb-cin-mil-2026-07-01-spread-home-1pt5", "timestamp": "2026-07-01T23:32:29Z", "token_id": "52578695002039254365236326857022138108525431056211025233321408351855840161287", "transaction_hash": "0x562d2f41f47a538c453597e8c7508604f01ecfe296548b3673efaa4a511a13d5"}, {"condition_id": "0x503cc08c1fcff5bcca91d07c143e87b3bddd68566445851e93db965e6a1a122d", "id": "0x7a83f55214bfe98153777611f638fae6a752d982d2d66a6ffbcc9c6cf4639a74_0x250dd6c4daf988f1aa0531e56840d04ba7eef1b134a25611abfa0f23c3f60461", "outcome": "Colorado Rockies", "price": 0.4300001767002986, "proxy_wallet": "0x21f333307ac6d2e65ac82f014b3dd2b64cbc35e3", "side": "BUY", "size": 1.754383, "slug": "mlb-mia-col-2026-07-01", "timestamp": "2026-07-01T23:31:14Z", "token_id": "77275020519117476392252162482053003018718756533700410205853872084141713559998", "transaction_hash": "0x7a83f55214bfe98153777611f638fae6a752d982d2d66a6ffbcc9c6cf4639a74"}, {"condition_id": "0x503cc08c1fcff5bcca91d07c143e87b3bddd68566445851e93db965e6a1a122d", "id": "0x41d273de58e9caafed365d0e31311e5ea5904d9e4dcf53678cad442a89efa3ce_0x250dd6c4daf988f1aa0531e56840d04ba7eef1b134a25611abfa0f23c3f60461", "outcome": "Colorado Rockies", "price": 0.43, "proxy_wallet": "0x21f333307ac6d2e65ac82f014b3dd2b64cbc35e3", "side": "BUY", "size": 8, "slug": "mlb-mia-col-2026-07-01", "timestamp": "2026-07-01T23:31:13Z", "token_id": "77275020519117476392252162482053003018718756533700410205853872084141713559998", "transaction_hash": "0x41d273de58e9caafed365d0e31311e5ea5904d9e4dcf53678cad442a89efa3ce"}, {"condition_id": "0x503cc08c1fcff5bcca91d07c143e87b3bddd68566445851e93db965e6a1a122d", "id": "0xa8163e3e728340073f0700c81abcc9c0c47e7354856c688dce1f57267c4580a0_0x250dd6c4daf988f1aa0531e56840d04ba7eef1b134a25611abfa0f23c3f60461", "outcome": "Colorado Rockies", "price": 0.43000000031269586, "proxy_wallet": "0x21f333307ac6d2e65ac82f014b3dd2b64cbc35e3", "side": "BUY", "size": 1055.338769, "slug": "mlb-mia-col-2026-07-01", "timestamp": "2026-07-01T23:27:38Z", "token_id": "77275020519117476392252162482053003018718756533700410205853872084141713559998", "transaction_hash": "0xa8163e3e728340073f0700c81abcc9c0c47e7354856c688dce1f57267c4580a0"}, {"condition_id": "0x3e47e9ab777735fd1dae04df35e34536c38cbd4a01f173eb1acee0ce88b80c13", "id": "0x83fd3ac6ebd0f43476c1789f9d092b9a86c9efcd1ddc7f4a4f6797f769c76c15_0x9289b53cc04fbf89f80afc05eb1a523d5297474ad26da14169cf927fe7ff42d1", "outcome": "Minnesota Twins", "price": 0.42, "proxy_wallet": "0x21f333307ac6d2e65ac82f014b3dd2b64cbc35e3", "side": "BUY", "size": 1320.55, "slug": "mlb-min-hou-2026-07-01", "timestamp": "2026-07-01T23:15:34Z", "token_id": "83328659853225215606198553171497847101809707247054071996921778441979125453170", "transaction_hash": "0x83fd3ac6ebd0f43476c1789f9d092b9a86c9efcd1ddc7f4a4f6797f769c76c15"}, {"condition_id": "0xffcc16466bec36ad1a0d27106b53eaf338b4013c40fa6fdf446819e14318141d", "id": "0x3d7b0db87effef69f6ff24915f22b3e5f3b72226a63a438bb54835758ce81fe3_0x85f559a4f417efda1b5362f4830ee71828b56f97dd9b5c3ec7ee2f53cfc33062", "outcome": "Milwaukee Brewers", "price": 0.58, "proxy_wallet": "0x21f333307ac6d2e65ac82f014b3dd2b64cbc35e3", "side": "BUY", "size": 23482.08, "slug": "mlb-cin-mil-2026-07-01", "timestamp": "2026-07-01T21:57:55Z", "token_id": "19711007897046031044579594275312405944771254350980802153302868685653200183646", "transaction_hash": "0x3d7b0db87effef69f6ff24915f22b3e5f3b72226a63a438bb54835758ce81fe3"}, {"condition_id": "0x7064b4bf253860b051624b34e4b58db0a05e63b08248c7f337407ea1ddcf58ae", "id": "0xa35e188aa0070aeead938f303aa6592e8612403fbbabdc65344d475ff8af3378_0x1ac1f068d4a770c8b304cd52102a92dc4a1fc96e0f86f682deecde39c9073081", "outcome": "Under", "price": 0.44999999999999996, "proxy_wallet": "0x21f333307ac6d2e65ac82f014b3dd2b64cbc35e3", "side": "BUY", "size": 833.33, "slug": "mlb-cin-mil-2026-07-01-total-8pt5", "timestamp": "2026-07-01T21:07:55Z", "token_id": "14034056293003290822412670691955354195438862464347353479978248378415628909497", "transaction_hash": "0xa35e188aa0070aeead938f303aa6592e8612403fbbabdc65344d475ff8af3378"}, {"condition_id": "0x04c736342b639e05fc4eb5512a7b46fec794e79c93a6c06b89e866fe70d15003", "id": "0x9370a07b2633e69b983184a9c26e71bcf2092001bf0cba8862909a504a15548a_0x05d876dac6681f15cd34d31e5154ace6804e1408f0ad4b60d82e9c054e80df92", "outcome": "Pittsburgh Pirates", "price": 0.42, "proxy_wallet": "0x21f333307ac6d2e65ac82f014b3dd2b64cbc35e3", "side": "BUY", "size": 16964.28, "slug": "mlb-pit-phi-2026-07-01", "timestamp": "2026-07-01T20:44:34Z", "token_id": "11562383647728491295498784192606069157753932455838420463713222976619310305836", "transaction_hash": "0x9370a07b2633e69b983184a9c26e71bcf2092001bf0cba8862909a504a15548a"}, {"condition_id": "0x6c43b8f1b2588dd71ddbc3109747eff02061c4471b8c5a45a205eddd4311393a", "id": "0x77d37a32e63f1a948ab7187f3fdaae4cdbc387cac5860699655245576fef8dba_0x9efaa32304ed471f80ec234944d86fac6ecdb33cb3eab38244cc819dcbde01a9", "outcome": "Under", "price": 0.47000000000000003, "proxy_wallet": "0x21f333307ac6d2e65ac82f014b3dd2b64cbc35e3", "side": "BUY", "size": 3179.96, "slug": "mlb-nym-tor-2026-07-01-total-8pt5", "timestamp": "2026-07-01T18:56:38Z", "token_id": "58991558424769802525302145120674841359069817050341448535658399211892028924641", "transaction_hash": "0x77d37a32e63f1a948ab7187f3fdaae4cdbc387cac5860699655245576fef8dba"}, {"condition_id": "0x3e47e9ab777735fd1dae04df35e34536c38cbd4a01f173eb1acee0ce88b80c13", "id": "0x9ddedbcff0d35daba93dfad813f80b16a68c578ac2f7a1eefea0af1a301f83a4_0x1feb7a65b3af6afebf566c4f9c5166aa5de5f71df8ac9047069eb3dcd32496eb", "outcome": "Minnesota Twins", "price": 0.42999999999999994, "proxy_wallet": "0x21f333307ac6d2e65ac82f014b3dd2b64cbc35e3", "side": "BUY", "size": 1164.16, "slug": "mlb-min-hou-2026-07-01", "timestamp": "2026-07-01T17:43:14Z", "token_id": "83328659853225215606198553171497847101809707247054071996921778441979125453170", "transaction_hash": "0x9ddedbcff0d35daba93dfad813f80b16a68c578ac2f7a1eefea0af1a301f83a4"}, {"condition_id": "0x405ad8b0b07bc4296631721c78e94677f65e6f2b2ebd1d550b0e25894752fcff", "id": "0x850e567087b95c57df9bd1c8e68ba6f467d49267bcfd0bb27556ee8c2e0a5851_0x40bdc52fbef27dc65825a9bd41adc79780a708110b919c959ee9e408436c5728", "outcome": "Texas Rangers", "price": 0.48, "proxy_wallet": "0x21f333307ac6d2e65ac82f014b3dd2b64cbc35e3", "side": "BUY", "size": 1162.09, "slug": "mlb-tex-cle-2026-07-01", "timestamp": "2026-07-01T14:30:25Z", "token_id": "113404399294112500010064402731493478858982331044374364618826777287474018299452", "transaction_hash": "0x850e567087b95c57df9bd1c8e68ba6f467d49267bcfd0bb27556ee8c2e0a5851"}], "polled_at": "2026-07-02T01:50:19.758062+00:00"}