{"wallet": "0x26437896ed9dfeb2f69765edcafe8fdceaab39ae", "total_trades_90d": 60, "mlb_trades_count": 13, "mlb_condition_ids": ["0x52a93c7646d0f0e8f93f98536f45e5a787553d6f8347f9dd7332236dda0ef633", "0xbf94136859320cde5d12b534f997761ada5acdab7e4e752f86cc94f8383dc5ac"], "mlb_trade_details": [{"condition_id": "0x52a93c7646d0f0e8f93f98536f45e5a787553d6f8347f9dd7332236dda0ef633", "id": "0x9760af67ad6621d3274d1aeb0c4eae886b8f8cc78c406a0b7a895c1a90d6761e_0xba46bdfbb1c6c90cc5573f86473a0aa32056d94c9df5204871d2a5f0d39f2064", "outcome": "Los Angeles Dodgers", "price": 0.63, "proxy_wallet": "0x26437896ed9dfeb2f69765edcafe8fdceaab39ae", "side": "BUY", "size": 10000, "slug": "mlb-lad-oak-2026-06-30", "timestamp": "2026-07-01T01:14:59Z", "token_id": "54626252108167392094454727405368904156046931017159270057236024333556780469216", "transaction_hash": "0x9760af67ad6621d3274d1aeb0c4eae886b8f8cc78c406a0b7a895c1a90d6761e"}, {"condition_id": "0x52a93c7646d0f0e8f93f98536f45e5a787553d6f8347f9dd7332236dda0ef633", "id": "0xd8037e1b8b9edfc5a6fecde595110269cde2f8cc0f12a59587f74a6e0f505bc9_0x6a2295c05d3abc900611450c879bcc68e9a946d0931314ef9c248f160298b251", "outcome": "Los Angeles Dodgers", "price": 0.63, "proxy_wallet": "0x26437896ed9dfeb2f69765edcafe8fdceaab39ae", "side": "BUY", "size": 10000, "slug": "mlb-lad-oak-2026-06-30", "timestamp": "2026-07-01T01:14:55Z", "token_id": "54626252108167392094454727405368904156046931017159270057236024333556780469216", "transaction_hash": "0xd8037e1b8b9edfc5a6fecde595110269cde2f8cc0f12a59587f74a6e0f505bc9"}, {"condition_id": "0x52a93c7646d0f0e8f93f98536f45e5a787553d6f8347f9dd7332236dda0ef633", "id": "0xfd5bb043f5e43c04fa1c89aaa0b0575b3b71dd5c699c7e6fd71155629e8a29c2_0xd4513d97ca82889e17428189ac04a896128e851c7521e43eecb1061891cd7ff7", "outcome": "Los Angeles Dodgers", "price": 0.63, "proxy_wallet": "0x26437896ed9dfeb2f69765edcafe8fdceaab39ae", "side": "BUY", "size": 20000, "slug": "mlb-lad-oak-2026-06-30", "timestamp": "2026-07-01T01:14:49Z", "token_id": "54626252108167392094454727405368904156046931017159270057236024333556780469216", "transaction_hash": "0xfd5bb043f5e43c04fa1c89aaa0b0575b3b71dd5c699c7e6fd71155629e8a29c2"}, {"condition_id": "0x52a93c7646d0f0e8f93f98536f45e5a787553d6f8347f9dd7332236dda0ef633", "id": "0x2a3b64962bb453b441d206aff73d377020fcd5f7317706e6413d8055cc30ac8f_0x0bf720b1529ff001736b45e10f12279c579f0c73f4fffa029dfeae468080a16a", "outcome": "Los Angeles Dodgers", "price": 0.63, "proxy_wallet": "0x26437896ed9dfeb2f69765edcafe8fdceaab39ae", "side": "BUY", "size": 50000, "slug": "mlb-lad-oak-2026-06-30", "timestamp": "2026-07-01T01:14:46Z", "token_id": "54626252108167392094454727405368904156046931017159270057236024333556780469216", "transaction_hash": "0x2a3b64962bb453b441d206aff73d377020fcd5f7317706e6413d8055cc30ac8f"}, {"condition_id": "0x52a93c7646d0f0e8f93f98536f45e5a787553d6f8347f9dd7332236dda0ef633", "id": "0x847a7d11912c2e768c05fa1e27fb9407d90b671d527ddb149abc3a4a31eecdcc_0x1c2ca5e06314dcf0c877e3ccd08c3fd7650971851931543ebe4bd8b591915589", "outcome": "Los Angeles Dodgers", "price": 0.62, "proxy_wallet": "0x26437896ed9dfeb2f69765edcafe8fdceaab39ae", "side": "BUY", "size": 162648.77, "slug": "mlb-lad-oak-2026-06-30", "timestamp": "2026-07-01T01:14:19Z", "token_id": "54626252108167392094454727405368904156046931017159270057236024333556780469216", "transaction_hash": "0x847a7d11912c2e768c05fa1e27fb9407d90b671d527ddb149abc3a4a31eecdcc"}, {"condition_id": "0xbf94136859320cde5d12b534f997761ada5acdab7e4e752f86cc94f8383dc5ac", "id": "0x1f2f066034ac3736cf77295d0ea9a3762c34b022eaab9a17bfdfd8d0d840cd17_0x0ff23fb04bde3d77b940872b7d2545d9ada4a198f926a05a3d4f5d6870c83f34", "outcome": "Philadelphia Phillies", "price": 0.49, "proxy_wallet": "0x26437896ed9dfeb2f69765edcafe8fdceaab39ae", "side": "BUY", "size": 5000, "slug": "mlb-phi-nym-2026-06-26-spread-away-1pt5", "timestamp": "2026-06-26T22:03:43Z", "token_id": "992484395921276745075125557158324456051030213058463093821418778448809056847", "transaction_hash": "0x1f2f066034ac3736cf77295d0ea9a3762c34b022eaab9a17bfdfd8d0d840cd17"}, {"condition_id": "0xbf94136859320cde5d12b534f997761ada5acdab7e4e752f86cc94f8383dc5ac", "id": "0x7b46b5ee35d4c79b69aea61e633001a765c9dca6eb920179fb6131e01c7cd763_0x1770fd9fd05ec2eb1737aad3a4611ce082ace5c022d55af40a538c018595901c", "outcome": "Philadelphia Phillies", "price": 0.49, "proxy_wallet": "0x26437896ed9dfeb2f69765edcafe8fdceaab39ae", "side": "BUY", "size": 60000, "slug": "mlb-phi-nym-2026-06-26-spread-away-1pt5", "timestamp": "2026-06-26T22:03:35Z", "token_id": "992484395921276745075125557158324456051030213058463093821418778448809056847", "transaction_hash": "0x7b46b5ee35d4c79b69aea61e633001a765c9dca6eb920179fb6131e01c7cd763"}, {"condition_id": "0xbf94136859320cde5d12b534f997761ada5acdab7e4e752f86cc94f8383dc5ac", "id": "0x08584f58fe88131d1970c6cb98f9b5b93dea70b8d20a1318859613609630dd1b_0xac214dc04f7d0fe0499e1e5feab4ed0c77542bc6c55e2510771d5f9a454521e3", "outcome": "Philadelphia Phillies", "price": 0.49, "proxy_wallet": "0x26437896ed9dfeb2f69765edcafe8fdceaab39ae", "side": "BUY", "size": 50000, "slug": "mlb-phi-nym-2026-06-26-spread-away-1pt5", "timestamp": "2026-06-26T22:03:25Z", "token_id": "992484395921276745075125557158324456051030213058463093821418778448809056847", "transaction_hash": "0x08584f58fe88131d1970c6cb98f9b5b93dea70b8d20a1318859613609630dd1b"}, {"condition_id": "0xbf94136859320cde5d12b534f997761ada5acdab7e4e752f86cc94f8383dc5ac", "id": "0xea6b5b5204ec7059669f8b1a0e99b72d31f46df43bb43c19921006c6e6badf8b_0x3f2e38d038f26695df21255a6411b11da0a633a43c394b3a2ce7e3218a45ddfc", "outcome": "Philadelphia Phillies", "price": 0.49, "proxy_wallet": "0x26437896ed9dfeb2f69765edcafe8fdceaab39ae", "side": "BUY", "size": 60000, "slug": "mlb-phi-nym-2026-06-26-spread-away-1pt5", "timestamp": "2026-06-26T22:03:14Z", "token_id": "992484395921276745075125557158324456051030213058463093821418778448809056847", "transaction_hash": "0xea6b5b5204ec7059669f8b1a0e99b72d31f46df43bb43c19921006c6e6badf8b"}, {"condition_id": "0xbf94136859320cde5d12b534f997761ada5acdab7e4e752f86cc94f8383dc5ac", "id": "0x065036896987277e6d583e4523ca39b123c2745e0e9542b488322f9b8c3176e4_0xc1d2f8c7b9a867881c32a0270935d3fbbd7e929e0f2ee0b254a29d0b0e0e8d3a", "outcome": "Philadelphia Phillies", "price": 0.49, "proxy_wallet": "0x26437896ed9dfeb2f69765edcafe8fdceaab39ae", "side": "BUY", "size": 50000, "slug": "mlb-phi-nym-2026-06-26-spread-away-1pt5", "timestamp": "2026-06-26T22:03:08Z", "token_id": "992484395921276745075125557158324456051030213058463093821418778448809056847", "transaction_hash": "0x065036896987277e6d583e4523ca39b123c2745e0e9542b488322f9b8c3176e4"}, {"condition_id": "0xbf94136859320cde5d12b534f997761ada5acdab7e4e752f86cc94f8383dc5ac", "id": "0x1e219c9c68b1830f3f3e179a73ef1fca04adde2c12a405000ba984cc6d502d9f_0x9924c9a654a98b5843b8ac41df6d46e71d3770e26f25824ab5a8775621fdccfd", "outcome": "Philadelphia Phillies", "price": 0.49, "proxy_wallet": "0x26437896ed9dfeb2f69765edcafe8fdceaab39ae", "side": "BUY", "size": 50000, "slug": "mlb-phi-nym-2026-06-26-spread-away-1pt5", "timestamp": "2026-06-26T22:02:59Z", "token_id": "992484395921276745075125557158324456051030213058463093821418778448809056847", "transaction_hash": "0x1e219c9c68b1830f3f3e179a73ef1fca04adde2c12a405000ba984cc6d502d9f"}, {"condition_id": "0xbf94136859320cde5d12b534f997761ada5acdab7e4e752f86cc94f8383dc5ac", "id": "0x9223a2a17d534bdb152fd8b48ce8c5a4ed31ee1f592425fda4b2dfedfb54d406_0x6ef1513bcbb0648c0bbd6eb9782fa3eae52ef89d8d496738ee92bafbdbc66b42", "outcome": "Philadelphia Phillies", "price": 0.49, "proxy_wallet": "0x26437896ed9dfeb2f69765edcafe8fdceaab39ae", "side": "BUY", "size": 50000, "slug": "mlb-phi-nym-2026-06-26-spread-away-1pt5", "timestamp": "2026-06-26T22:02:47Z", "token_id": "992484395921276745075125557158324456051030213058463093821418778448809056847", "transaction_hash": "0x9223a2a17d534bdb152fd8b48ce8c5a4ed31ee1f592425fda4b2dfedfb54d406"}, {"condition_id": "0xbf94136859320cde5d12b534f997761ada5acdab7e4e752f86cc94f8383dc5ac", "id": "0xed210a2cbb67d658b979906c2f8bc32bfcf049c0b816e6e171bfe8f3f8684d7e_0x5ed7e2bb57a2c6d485aa322c3c97176eaca05688c8149bcb88f0efb0867ee650", "outcome": "Philadelphia Phillies", "price": 0.48000000000000004, "proxy_wallet": "0x26437896ed9dfeb2f69765edcafe8fdceaab39ae", "side": "BUY", "size": 78198.26, "slug": "mlb-phi-nym-2026-06-26-spread-away-1pt5", "timestamp": "2026-06-26T22:02:35Z", "token_id": "992484395921276745075125557158324456051030213058463093821418778448809056847", "transaction_hash": "0xed210a2cbb67d658b979906c2f8bc32bfcf049c0b816e6e171bfe8f3f8684d7e"}], "polled_at": "2026-07-02T01:50:18.847338+00:00"}