{"wallet": "0x3dfb153c197d4c19d3b31c1ecd2c7b6860eeabaf", "total_trades_90d": 200, "mlb_trades_count": 50, "mlb_condition_ids": ["0x9f1fc9fa4e0af34538485d07cd1ca93fd0d7a45989346ed94be84dada491d2a6"], "mlb_trade_details": [{"condition_id": "0x9f1fc9fa4e0af34538485d07cd1ca93fd0d7a45989346ed94be84dada491d2a6", "id": "0x4ce4e7d14d0eb98712cab4ebaf0b98c7f797a89faf156d406ecc53dbaec4ebdc_0x36b7edd3b822fa1771cbafb9a2dbf8cdd068ad2f259419089c31ff7e6682f31a", "outcome": "Under", "price": 0.47, "proxy_wallet": "0x3dfb153c197d4c19d3b31c1ecd2c7b6860eeabaf", "side": "BUY", "size": 1817.63, "slug": "mlb-lad-oak-2026-07-01-total-10pt5", "timestamp": "2026-07-02T01:39:34Z", "token_id": "68403683078011534181983449453403670223956468783815711662812446853492543129439", "transaction_hash": "0x4ce4e7d14d0eb98712cab4ebaf0b98c7f797a89faf156d406ecc53dbaec4ebdc"}, {"condition_id": "0x9f1fc9fa4e0af34538485d07cd1ca93fd0d7a45989346ed94be84dada491d2a6", "id": "0x3b6919fea00de60626629ec7704084a03da7bdd9c727336e314fbda3586dd4b1_0x36b7edd3b822fa1771cbafb9a2dbf8cdd068ad2f259419089c31ff7e6682f31a", "outcome": "Under", "price": 0.47000000000000003, "proxy_wallet": "0x3dfb153c197d4c19d3b31c1ecd2c7b6860eeabaf", "side": "BUY", "size": 45.33, "slug": "mlb-lad-oak-2026-07-01-total-10pt5", "timestamp": "2026-07-02T01:39:13Z", "token_id": "68403683078011534181983449453403670223956468783815711662812446853492543129439", "transaction_hash": "0x3b6919fea00de60626629ec7704084a03da7bdd9c727336e314fbda3586dd4b1"}, {"condition_id": "0x9f1fc9fa4e0af34538485d07cd1ca93fd0d7a45989346ed94be84dada491d2a6", "id": "0xdf1668572aa947a38ad18c0460b48e7493c762983677d5233940157852fb6fca_0x36b7edd3b822fa1771cbafb9a2dbf8cdd068ad2f259419089c31ff7e6682f31a", "outcome": "Under", "price": 0.47, "proxy_wallet": "0x3dfb153c197d4c19d3b31c1ecd2c7b6860eeabaf", "side": "BUY", "size": 210.56, "slug": "mlb-lad-oak-2026-07-01-total-10pt5", "timestamp": "2026-07-02T01:38:56Z", "token_id": "68403683078011534181983449453403670223956468783815711662812446853492543129439", "transaction_hash": "0xdf1668572aa947a38ad18c0460b48e7493c762983677d5233940157852fb6fca"}, {"condition_id": "0x9f1fc9fa4e0af34538485d07cd1ca93fd0d7a45989346ed94be84dada491d2a6", "id": "0xc19e897454c90b1677106a51cf59f0c806bdf24afb342f47664874206c967308_0x36b7edd3b822fa1771cbafb9a2dbf8cdd068ad2f259419089c31ff7e6682f31a", "outcome": "Under", "price": 0.4700000848000203, "proxy_wallet": "0x3dfb153c197d4c19d3b31c1ecd2c7b6860eeabaf", "side": "BUY", "size": 4.71698, "slug": "mlb-lad-oak-2026-07-01-total-10pt5", "timestamp": "2026-07-02T01:38:25Z", "token_id": "68403683078011534181983449453403670223956468783815711662812446853492543129439", "transaction_hash": "0xc19e897454c90b1677106a51cf59f0c806bdf24afb342f47664874206c967308"}, {"condition_id": "0x9f1fc9fa4e0af34538485d07cd1ca93fd0d7a45989346ed94be84dada491d2a6", "id": "0x0ac7143de258e24e086e2c6a4ba1104247c7949dc31bcf58b1a02dc6cb6fdfb3_0x36b7edd3b822fa1771cbafb9a2dbf8cdd068ad2f259419089c31ff7e6682f31a", "outcome": "Under", "price": 0.47000000452807167, "proxy_wallet": "0x3dfb153c197d4c19d3b31c1ecd2c7b6860eeabaf", "side": "BUY", "size": 46.377357, "slug": "mlb-lad-oak-2026-07-01-total-10pt5", "timestamp": "2026-07-02T01:38:17Z", "token_id": "68403683078011534181983449453403670223956468783815711662812446853492543129439", "transaction_hash": "0x0ac7143de258e24e086e2c6a4ba1104247c7949dc31bcf58b1a02dc6cb6fdfb3"}, {"condition_id": "0x9f1fc9fa4e0af34538485d07cd1ca93fd0d7a45989346ed94be84dada491d2a6", "id": "0xe0731ab0ebe65be599b4f6790c0d39bad519219dc2a2c2bf9698f469d667593d_0x36b7edd3b822fa1771cbafb9a2dbf8cdd068ad2f259419089c31ff7e6682f31a", "outcome": "Under", "price": 0.47000000000000003, "proxy_wallet": "0x3dfb153c197d4c19d3b31c1ecd2c7b6860eeabaf", "side": "BUY", "size": 45.33, "slug": "mlb-lad-oak-2026-07-01-total-10pt5", "timestamp": "2026-07-02T01:37:52Z", "token_id": "68403683078011534181983449453403670223956468783815711662812446853492543129439", "transaction_hash": "0xe0731ab0ebe65be599b4f6790c0d39bad519219dc2a2c2bf9698f469d667593d"}, {"condition_id": "0x9f1fc9fa4e0af34538485d07cd1ca93fd0d7a45989346ed94be84dada491d2a6", "id": "0xd8dd2e8a827fadba16b38f53dee8d360f3601f36ae99be79974dd4d75f9b245c_0x36b7edd3b822fa1771cbafb9a2dbf8cdd068ad2f259419089c31ff7e6682f31a", "outcome": "Under", "price": 0.47, "proxy_wallet": "0x3dfb153c197d4c19d3b31c1ecd2c7b6860eeabaf", "side": "BUY", "size": 36.27, "slug": "mlb-lad-oak-2026-07-01-total-10pt5", "timestamp": "2026-07-02T01:36:53Z", "token_id": "68403683078011534181983449453403670223956468783815711662812446853492543129439", "transaction_hash": "0xd8dd2e8a827fadba16b38f53dee8d360f3601f36ae99be79974dd4d75f9b245c"}, {"condition_id": "0x9f1fc9fa4e0af34538485d07cd1ca93fd0d7a45989346ed94be84dada491d2a6", "id": "0xb69050e25c00de5fd7348330e4e3035098867b1992c3c734ba4e61e545d6a127_0x36b7edd3b822fa1771cbafb9a2dbf8cdd068ad2f259419089c31ff7e6682f31a", "outcome": "Under", "price": 0.4699999999999999, "proxy_wallet": "0x3dfb153c197d4c19d3b31c1ecd2c7b6860eeabaf", "side": "BUY", "size": 102.76, "slug": "mlb-lad-oak-2026-07-01-total-10pt5", "timestamp": "2026-07-02T01:36:34Z", "token_id": "68403683078011534181983449453403670223956468783815711662812446853492543129439", "transaction_hash": "0xb69050e25c00de5fd7348330e4e3035098867b1992c3c734ba4e61e545d6a127"}, {"condition_id": "0x9f1fc9fa4e0af34538485d07cd1ca93fd0d7a45989346ed94be84dada491d2a6", "id": "0x6e8fd050216c033a50125f20dde846b509e3850e8fd72320c4580bf511c12e4c_0x36b7edd3b822fa1771cbafb9a2dbf8cdd068ad2f259419089c31ff7e6682f31a", "outcome": "Under", "price": 0.47, "proxy_wallet": "0x3dfb153c197d4c19d3b31c1ecd2c7b6860eeabaf", "side": "BUY", "size": 90.67, "slug": "mlb-lad-oak-2026-07-01-total-10pt5", "timestamp": "2026-07-02T01:36:11Z", "token_id": "68403683078011534181983449453403670223956468783815711662812446853492543129439", "transaction_hash": "0x6e8fd050216c033a50125f20dde846b509e3850e8fd72320c4580bf511c12e4c"}, {"condition_id": "0x9f1fc9fa4e0af34538485d07cd1ca93fd0d7a45989346ed94be84dada491d2a6", "id": "0x467079fccb59d7046fdaa727735dc245e54c15c8cd0d650510f802b9c880a91f_0x36b7edd3b822fa1771cbafb9a2dbf8cdd068ad2f259419089c31ff7e6682f31a", "outcome": "Under", "price": 0.47000008875600846, "proxy_wallet": "0x3dfb153c197d4c19d3b31c1ecd2c7b6860eeabaf", "side": "BUY", "size": 3.943395, "slug": "mlb-lad-oak-2026-07-01-total-10pt5", "timestamp": "2026-07-02T01:35:32Z", "token_id": "68403683078011534181983449453403670223956468783815711662812446853492543129439", "transaction_hash": "0x467079fccb59d7046fdaa727735dc245e54c15c8cd0d650510f802b9c880a91f"}, {"condition_id": "0x9f1fc9fa4e0af34538485d07cd1ca93fd0d7a45989346ed94be84dada491d2a6", "id": "0x5b5d19fee08cbb2cc46ebe42609e5203ed153b945d27e20f17fb0a1787441fc0_0x36b7edd3b822fa1771cbafb9a2dbf8cdd068ad2f259419089c31ff7e6682f31a", "outcome": "Under", "price": 0.470000013656443, "proxy_wallet": "0x3dfb153c197d4c19d3b31c1ecd2c7b6860eeabaf", "side": "BUY", "size": 15.377357, "slug": "mlb-lad-oak-2026-07-01-total-10pt5", "timestamp": "2026-07-02T01:35:28Z", "token_id": "68403683078011534181983449453403670223956468783815711662812446853492543129439", "transaction_hash": "0x5b5d19fee08cbb2cc46ebe42609e5203ed153b945d27e20f17fb0a1787441fc0"}, {"condition_id": "0x9f1fc9fa4e0af34538485d07cd1ca93fd0d7a45989346ed94be84dada491d2a6", "id": "0x7efff21280325fad1486c4acd748b5875b3151f21fbd4f717ab0b00bb1a3f81b_0x36b7edd3b822fa1771cbafb9a2dbf8cdd068ad2f259419089c31ff7e6682f31a", "outcome": "Under", "price": 0.47000000000000003, "proxy_wallet": "0x3dfb153c197d4c19d3b31c1ecd2c7b6860eeabaf", "side": "BUY", "size": 13, "slug": "mlb-lad-oak-2026-07-01-total-10pt5", "timestamp": "2026-07-02T01:35:26Z", "token_id": "68403683078011534181983449453403670223956468783815711662812446853492543129439", "transaction_hash": "0x7efff21280325fad1486c4acd748b5875b3151f21fbd4f717ab0b00bb1a3f81b"}, {"condition_id": "0x9f1fc9fa4e0af34538485d07cd1ca93fd0d7a45989346ed94be84dada491d2a6", "id": "0x4d51ef6a1048a4ecaeb7b3c7b0af3fdb4d9ad0bb2b2a2d42e2efa465bf110999_0x36b7edd3b822fa1771cbafb9a2dbf8cdd068ad2f259419089c31ff7e6682f31a", "outcome": "Under", "price": 0.4700000143243254, "proxy_wallet": "0x3dfb153c197d4c19d3b31c1ecd2c7b6860eeabaf", "side": "BUY", "size": 18.150942, "slug": "mlb-lad-oak-2026-07-01-total-10pt5", "timestamp": "2026-07-02T01:35:26Z", "token_id": "68403683078011534181983449453403670223956468783815711662812446853492543129439", "transaction_hash": "0x4d51ef6a1048a4ecaeb7b3c7b0af3fdb4d9ad0bb2b2a2d42e2efa465bf110999"}, {"condition_id": "0x9f1fc9fa4e0af34538485d07cd1ca93fd0d7a45989346ed94be84dada491d2a6", "id": "0xf99dddfba78d5af99e900b1fe4fcbe004743a94be781251c05d259baeadd65ab_0x36b7edd3b822fa1771cbafb9a2dbf8cdd068ad2f259419089c31ff7e6682f31a", "outcome": "Under", "price": 0.4700001943335859, "proxy_wallet": "0x3dfb153c197d4c19d3b31c1ecd2c7b6860eeabaf", "side": "BUY", "size": 2.264148, "slug": "mlb-lad-oak-2026-07-01-total-10pt5", "timestamp": "2026-07-02T01:35:25Z", "token_id": "68403683078011534181983449453403670223956468783815711662812446853492543129439", "transaction_hash": "0xf99dddfba78d5af99e900b1fe4fcbe004743a94be781251c05d259baeadd65ab"}, {"condition_id": "0x9f1fc9fa4e0af34538485d07cd1ca93fd0d7a45989346ed94be84dada491d2a6", "id": "0x2ab5e10b7c75d58df091662954d74cc843a1cba0783943eb1542cd42fbdc152e_0x36b7edd3b822fa1771cbafb9a2dbf8cdd068ad2f259419089c31ff7e6682f31a", "outcome": "Under", "price": 0.47000000000000003, "proxy_wallet": "0x3dfb153c197d4c19d3b31c1ecd2c7b6860eeabaf", "side": "BUY", "size": 15.68, "slug": "mlb-lad-oak-2026-07-01-total-10pt5", "timestamp": "2026-07-02T01:35:25Z", "token_id": "68403683078011534181983449453403670223956468783815711662812446853492543129439", "transaction_hash": "0x2ab5e10b7c75d58df091662954d74cc843a1cba0783943eb1542cd42fbdc152e"}, {"condition_id": "0x9f1fc9fa4e0af34538485d07cd1ca93fd0d7a45989346ed94be84dada491d2a6", "id": "0x9c9c8dea899395451067d1c5814dfa73d8f149e0ae85c468953edee2a2922b0e_0x36b7edd3b822fa1771cbafb9a2dbf8cdd068ad2f259419089c31ff7e6682f31a", "outcome": "Under", "price": 0.47000004975510756, "proxy_wallet": "0x3dfb153c197d4c19d3b31c1ecd2c7b6860eeabaf", "side": "BUY", "size": 9.245282, "slug": "mlb-lad-oak-2026-07-01-total-10pt5", "timestamp": "2026-07-02T01:35:25Z", "token_id": "68403683078011534181983449453403670223956468783815711662812446853492543129439", "transaction_hash": "0x9c9c8dea899395451067d1c5814dfa73d8f149e0ae85c468953edee2a2922b0e"}, {"condition_id": "0x9f1fc9fa4e0af34538485d07cd1ca93fd0d7a45989346ed94be84dada491d2a6", "id": "0xa852fd7044b94a5e799b470425d75a7cb0f806263c839626a8c2d262503bc695_0x36b7edd3b822fa1771cbafb9a2dbf8cdd068ad2f259419089c31ff7e6682f31a", "outcome": "Under", "price": 0.4700000047261152, "proxy_wallet": "0x3dfb153c197d4c19d3b31c1ecd2c7b6860eeabaf", "side": "BUY", "size": 14.811319, "slug": "mlb-lad-oak-2026-07-01-total-10pt5", "timestamp": "2026-07-02T01:35:25Z", "token_id": "68403683078011534181983449453403670223956468783815711662812446853492543129439", "transaction_hash": "0xa852fd7044b94a5e799b470425d75a7cb0f806263c839626a8c2d262503bc695"}, {"condition_id": "0x9f1fc9fa4e0af34538485d07cd1ca93fd0d7a45989346ed94be84dada491d2a6", "id": "0xf8aa82cb4b533f05d7f9ca05058e0fa6b2ca64d8436abafde93ef4bbe65a25a1_0x36b7edd3b822fa1771cbafb9a2dbf8cdd068ad2f259419089c31ff7e6682f31a", "outcome": "Under", "price": 0.47, "proxy_wallet": "0x3dfb153c197d4c19d3b31c1ecd2c7b6860eeabaf", "side": "BUY", "size": 246.11, "slug": "mlb-lad-oak-2026-07-01-total-10pt5", "timestamp": "2026-07-02T01:35:25Z", "token_id": "68403683078011534181983449453403670223956468783815711662812446853492543129439", "transaction_hash": "0xf8aa82cb4b533f05d7f9ca05058e0fa6b2ca64d8436abafde93ef4bbe65a25a1"}, {"condition_id": "0x9f1fc9fa4e0af34538485d07cd1ca93fd0d7a45989346ed94be84dada491d2a6", "id": "0xa0e9930c34a2fb40ad6c7df798b11f0db80b148f0b261130da765fcbe3530c4a_0x36b7edd3b822fa1771cbafb9a2dbf8cdd068ad2f259419089c31ff7e6682f31a", "outcome": "Under", "price": 0.470000002241963, "proxy_wallet": "0x3dfb153c197d4c19d3b31c1ecd2c7b6860eeabaf", "side": "BUY", "size": 22.301885, "slug": "mlb-lad-oak-2026-07-01-total-10pt5", "timestamp": "2026-07-02T01:35:25Z", "token_id": "68403683078011534181983449453403670223956468783815711662812446853492543129439", "transaction_hash": "0xa0e9930c34a2fb40ad6c7df798b11f0db80b148f0b261130da765fcbe3530c4a"}, {"condition_id": "0x9f1fc9fa4e0af34538485d07cd1ca93fd0d7a45989346ed94be84dada491d2a6", "id": "0xee95146645fd77affc57ef540ae3b471044be70a8ec3496535ce67e98f945f63_0x36b7edd3b822fa1771cbafb9a2dbf8cdd068ad2f259419089c31ff7e6682f31a", "outcome": "Under", "price": 0.47000006913045916, "proxy_wallet": "0x3dfb153c197d4c19d3b31c1ecd2c7b6860eeabaf", "side": "BUY", "size": 3.905659, "slug": "mlb-lad-oak-2026-07-01-total-10pt5", "timestamp": "2026-07-02T01:35:25Z", "token_id": "68403683078011534181983449453403670223956468783815711662812446853492543129439", "transaction_hash": "0xee95146645fd77affc57ef540ae3b471044be70a8ec3496535ce67e98f945f63"}, {"condition_id": "0x9f1fc9fa4e0af34538485d07cd1ca93fd0d7a45989346ed94be84dada491d2a6", "id": "0x3e5baca13b4d3d636739a54c0cfc25f5e3a1e3a9577f02ebefe8d6eb5e020acd_0x36b7edd3b822fa1771cbafb9a2dbf8cdd068ad2f259419089c31ff7e6682f31a", "outcome": "Under", "price": 0.4700001219000938, "proxy_wallet": "0x3dfb153c197d4c19d3b31c1ecd2c7b6860eeabaf", "side": "BUY", "size": 1.886791, "slug": "mlb-lad-oak-2026-07-01-total-10pt5", "timestamp": "2026-07-02T01:35:10Z", "token_id": "68403683078011534181983449453403670223956468783815711662812446853492543129439", "transaction_hash": "0x3e5baca13b4d3d636739a54c0cfc25f5e3a1e3a9577f02ebefe8d6eb5e020acd"}, {"condition_id": "0x9f1fc9fa4e0af34538485d07cd1ca93fd0d7a45989346ed94be84dada491d2a6", "id": "0x744b9b22efe62d5b7c1470636d40140f437afe6ec4b54a0c7b02eacddf20998d_0x36b7edd3b822fa1771cbafb9a2dbf8cdd068ad2f259419089c31ff7e6682f31a", "outcome": "Under", "price": 0.4700001219000938, "proxy_wallet": "0x3dfb153c197d4c19d3b31c1ecd2c7b6860eeabaf", "side": "BUY", "size": 1.886791, "slug": "mlb-lad-oak-2026-07-01-total-10pt5", "timestamp": "2026-07-02T01:35:04Z", "token_id": "68403683078011534181983449453403670223956468783815711662812446853492543129439", "transaction_hash": "0x744b9b22efe62d5b7c1470636d40140f437afe6ec4b54a0c7b02eacddf20998d"}, {"condition_id": "0x9f1fc9fa4e0af34538485d07cd1ca93fd0d7a45989346ed94be84dada491d2a6", "id": "0x1335e0c01e4eea0b69a6f20a9eb69c0365dc2b559ecd09bd8a2d88dc59646c74_0x36b7edd3b822fa1771cbafb9a2dbf8cdd068ad2f259419089c31ff7e6682f31a", "outcome": "Under", "price": 0.47, "proxy_wallet": "0x3dfb153c197d4c19d3b31c1ecd2c7b6860eeabaf", "side": "BUY", "size": 9.26, "slug": "mlb-lad-oak-2026-07-01-total-10pt5", "timestamp": "2026-07-02T01:34:53Z", "token_id": "68403683078011534181983449453403670223956468783815711662812446853492543129439", "transaction_hash": "0x1335e0c01e4eea0b69a6f20a9eb69c0365dc2b559ecd09bd8a2d88dc59646c74"}, {"condition_id": "0x9f1fc9fa4e0af34538485d07cd1ca93fd0d7a45989346ed94be84dada491d2a6", "id": "0x5853c56eb47e46c9fe1c5946af38c82e438d846cc5ceccb203e0f5112d0e9511_0x36b7edd3b822fa1771cbafb9a2dbf8cdd068ad2f259419089c31ff7e6682f31a", "outcome": "Under", "price": 0.470000092922122, "proxy_wallet": "0x3dfb153c197d4c19d3b31c1ecd2c7b6860eeabaf", "side": "BUY", "size": 2.905659, "slug": "mlb-lad-oak-2026-07-01-total-10pt5", "timestamp": "2026-07-02T01:34:53Z", "token_id": "68403683078011534181983449453403670223956468783815711662812446853492543129439", "transaction_hash": "0x5853c56eb47e46c9fe1c5946af38c82e438d846cc5ceccb203e0f5112d0e9511"}, {"condition_id": "0x9f1fc9fa4e0af34538485d07cd1ca93fd0d7a45989346ed94be84dada491d2a6", "id": "0x273fcf8d06be8a41017a87cd409169982399071b0dd038d20139e7c97a5460b3_0x36b7edd3b822fa1771cbafb9a2dbf8cdd068ad2f259419089c31ff7e6682f31a", "outcome": "Under", "price": 0.47000000711409423, "proxy_wallet": "0x3dfb153c197d4c19d3b31c1ecd2c7b6860eeabaf", "side": "BUY", "size": 42.16981, "slug": "mlb-lad-oak-2026-07-01-total-10pt5", "timestamp": "2026-07-02T01:34:52Z", "token_id": "68403683078011534181983449453403670223956468783815711662812446853492543129439", "transaction_hash": "0x273fcf8d06be8a41017a87cd409169982399071b0dd038d20139e7c97a5460b3"}, {"condition_id": "0x9f1fc9fa4e0af34538485d07cd1ca93fd0d7a45989346ed94be84dada491d2a6", "id": "0x2f7f192645610ebd078eb6ee8d0648c128e88d54530211c3c93048458e8ac98f_0x36b7edd3b822fa1771cbafb9a2dbf8cdd068ad2f259419089c31ff7e6682f31a", "outcome": "Under", "price": 0.4699999999999999, "proxy_wallet": "0x3dfb153c197d4c19d3b31c1ecd2c7b6860eeabaf", "side": "BUY", "size": 8.06, "slug": "mlb-lad-oak-2026-07-01-total-10pt5", "timestamp": "2026-07-02T01:34:13Z", "token_id": "68403683078011534181983449453403670223956468783815711662812446853492543129439", "transaction_hash": "0x2f7f192645610ebd078eb6ee8d0648c128e88d54530211c3c93048458e8ac98f"}, {"condition_id": "0x9f1fc9fa4e0af34538485d07cd1ca93fd0d7a45989346ed94be84dada491d2a6", "id": "0x79b8057c7637dd63e873da7d2238e7234aa06c1b651b6ea98b6b2cafab7f826c_0x36b7edd3b822fa1771cbafb9a2dbf8cdd068ad2f259419089c31ff7e6682f31a", "outcome": "Under", "price": 0.47, "proxy_wallet": "0x3dfb153c197d4c19d3b31c1ecd2c7b6860eeabaf", "side": "BUY", "size": 17.12, "slug": "mlb-lad-oak-2026-07-01-total-10pt5", "timestamp": "2026-07-02T01:34:07Z", "token_id": "68403683078011534181983449453403670223956468783815711662812446853492543129439", "transaction_hash": "0x79b8057c7637dd63e873da7d2238e7234aa06c1b651b6ea98b6b2cafab7f826c"}, {"condition_id": "0x9f1fc9fa4e0af34538485d07cd1ca93fd0d7a45989346ed94be84dada491d2a6", "id": "0xab82e7c1fba43f893a79f40bcda0652306642d8e8422f68444208b0b842e1cd0_0x36b7edd3b822fa1771cbafb9a2dbf8cdd068ad2f259419089c31ff7e6682f31a", "outcome": "Under", "price": 0.47000000000000003, "proxy_wallet": "0x3dfb153c197d4c19d3b31c1ecd2c7b6860eeabaf", "side": "BUY", "size": 40.3, "slug": "mlb-lad-oak-2026-07-01-total-10pt5", "timestamp": "2026-07-02T01:33:53Z", "token_id": "68403683078011534181983449453403670223956468783815711662812446853492543129439", "transaction_hash": "0xab82e7c1fba43f893a79f40bcda0652306642d8e8422f68444208b0b842e1cd0"}, {"condition_id": "0x9f1fc9fa4e0af34538485d07cd1ca93fd0d7a45989346ed94be84dada491d2a6", "id": "0xed556786a3346c6ef23466387cdb65b30759fc540045138e09b956ed72686bb9_0x36b7edd3b822fa1771cbafb9a2dbf8cdd068ad2f259419089c31ff7e6682f31a", "outcome": "Under", "price": 0.47, "proxy_wallet": "0x3dfb153c197d4c19d3b31c1ecd2c7b6860eeabaf", "side": "BUY", "size": 27, "slug": "mlb-lad-oak-2026-07-01-total-10pt5", "timestamp": "2026-07-02T01:32:47Z", "token_id": "68403683078011534181983449453403670223956468783815711662812446853492543129439", "transaction_hash": "0xed556786a3346c6ef23466387cdb65b30759fc540045138e09b956ed72686bb9"}, {"condition_id": "0x9f1fc9fa4e0af34538485d07cd1ca93fd0d7a45989346ed94be84dada491d2a6", "id": "0x2de3a149a778bc2f7d2ba287e486c11602103f731d11e3e1975f1b4db4ebe77b_0x36b7edd3b822fa1771cbafb9a2dbf8cdd068ad2f259419089c31ff7e6682f31a", "outcome": "Under", "price": 0.4700000022688357, "proxy_wallet": "0x3dfb153c197d4c19d3b31c1ecd2c7b6860eeabaf", "side": "BUY", "size": 44.07547, "slug": "mlb-lad-oak-2026-07-01-total-10pt5", "timestamp": "2026-07-02T01:32:43Z", "token_id": "68403683078011534181983449453403670223956468783815711662812446853492543129439", "transaction_hash": "0x2de3a149a778bc2f7d2ba287e486c11602103f731d11e3e1975f1b4db4ebe77b"}, {"condition_id": "0x9f1fc9fa4e0af34538485d07cd1ca93fd0d7a45989346ed94be84dada491d2a6", "id": "0x0938f8fba8645327415a2dee41f03f54abe168fa3ea2a2a4fd289dd022f64483_0x36b7edd3b822fa1771cbafb9a2dbf8cdd068ad2f259419089c31ff7e6682f31a", "outcome": "Under", "price": 0.4700000494666785, "proxy_wallet": "0x3dfb153c197d4c19d3b31c1ecd2c7b6860eeabaf", "side": "BUY", "size": 5.660376, "slug": "mlb-lad-oak-2026-07-01-total-10pt5", "timestamp": "2026-07-02T01:32:40Z", "token_id": "68403683078011534181983449453403670223956468783815711662812446853492543129439", "transaction_hash": "0x0938f8fba8645327415a2dee41f03f54abe168fa3ea2a2a4fd289dd022f64483"}, {"condition_id": "0x9f1fc9fa4e0af34538485d07cd1ca93fd0d7a45989346ed94be84dada491d2a6", "id": "0x57aaa2229ce0aa765593a6959d413836d5560bf91e9b86b5fc46855315901fdb_0x36b7edd3b822fa1771cbafb9a2dbf8cdd068ad2f259419089c31ff7e6682f31a", "outcome": "Under", "price": 0.4700000025728159, "proxy_wallet": "0x3dfb153c197d4c19d3b31c1ecd2c7b6860eeabaf", "side": "BUY", "size": 15.547168, "slug": "mlb-lad-oak-2026-07-01-total-10pt5", "timestamp": "2026-07-02T01:32:40Z", "token_id": "68403683078011534181983449453403670223956468783815711662812446853492543129439", "transaction_hash": "0x57aaa2229ce0aa765593a6959d413836d5560bf91e9b86b5fc46855315901fdb"}, {"condition_id": "0x9f1fc9fa4e0af34538485d07cd1ca93fd0d7a45989346ed94be84dada491d2a6", "id": "0x46e911084c9e80b6ce5e0f5f8ec814df251f614f55d6a036e026fa166476c871_0x36b7edd3b822fa1771cbafb9a2dbf8cdd068ad2f259419089c31ff7e6682f31a", "outcome": "Under", "price": 0.470000015854702, "proxy_wallet": "0x3dfb153c197d4c19d3b31c1ecd2c7b6860eeabaf", "side": "BUY", "size": 17.660376, "slug": "mlb-lad-oak-2026-07-01-total-10pt5", "timestamp": "2026-07-02T01:32:38Z", "token_id": "68403683078011534181983449453403670223956468783815711662812446853492543129439", "transaction_hash": "0x46e911084c9e80b6ce5e0f5f8ec814df251f614f55d6a036e026fa166476c871"}, {"condition_id": "0x9f1fc9fa4e0af34538485d07cd1ca93fd0d7a45989346ed94be84dada491d2a6", "id": "0xc2d1a3b3a01437a97451087f1cb4b9b408763dd048f8211446c43762a22ff053_0x36b7edd3b822fa1771cbafb9a2dbf8cdd068ad2f259419089c31ff7e6682f31a", "outcome": "Under", "price": 0.47000000000000003, "proxy_wallet": "0x3dfb153c197d4c19d3b31c1ecd2c7b6860eeabaf", "side": "BUY", "size": 13, "slug": "mlb-lad-oak-2026-07-01-total-10pt5", "timestamp": "2026-07-02T01:32:38Z", "token_id": "68403683078011534181983449453403670223956468783815711662812446853492543129439", "transaction_hash": "0xc2d1a3b3a01437a97451087f1cb4b9b408763dd048f8211446c43762a22ff053"}, {"condition_id": "0x9f1fc9fa4e0af34538485d07cd1ca93fd0d7a45989346ed94be84dada491d2a6", "id": "0x589644e0520bcbb3eb263a45520789ef0f9c9503a3af694484567bc50d139d3e_0x36b7edd3b822fa1771cbafb9a2dbf8cdd068ad2f259419089c31ff7e6682f31a", "outcome": "Under", "price": 0.47, "proxy_wallet": "0x3dfb153c197d4c19d3b31c1ecd2c7b6860eeabaf", "side": "BUY", "size": 15.85, "slug": "mlb-lad-oak-2026-07-01-total-10pt5", "timestamp": "2026-07-02T01:32:38Z", "token_id": "68403683078011534181983449453403670223956468783815711662812446853492543129439", "transaction_hash": "0x589644e0520bcbb3eb263a45520789ef0f9c9503a3af694484567bc50d139d3e"}, {"condition_id": "0x9f1fc9fa4e0af34538485d07cd1ca93fd0d7a45989346ed94be84dada491d2a6", "id": "0x79e60a3a4cae8e6ca3ca1bb5285c112b6ec08213d30407142943100cf1d57f8e_0x36b7edd3b822fa1771cbafb9a2dbf8cdd068ad2f259419089c31ff7e6682f31a", "outcome": "Under", "price": 0.4700001943335859, "proxy_wallet": "0x3dfb153c197d4c19d3b31c1ecd2c7b6860eeabaf", "side": "BUY", "size": 2.264148, "slug": "mlb-lad-oak-2026-07-01-total-10pt5", "timestamp": "2026-07-02T01:32:38Z", "token_id": "68403683078011534181983449453403670223956468783815711662812446853492543129439", "transaction_hash": "0x79e60a3a4cae8e6ca3ca1bb5285c112b6ec08213d30407142943100cf1d57f8e"}, {"condition_id": "0x9f1fc9fa4e0af34538485d07cd1ca93fd0d7a45989346ed94be84dada491d2a6", "id": "0xaae9ec089f652c3d5243a907d7ac33142ab91aba8434f3ec1a2a5cae73ce5079_0x36b7edd3b822fa1771cbafb9a2dbf8cdd068ad2f259419089c31ff7e6682f31a", "outcome": "Under", "price": 0.47000004975510756, "proxy_wallet": "0x3dfb153c197d4c19d3b31c1ecd2c7b6860eeabaf", "side": "BUY", "size": 9.245282, "slug": "mlb-lad-oak-2026-07-01-total-10pt5", "timestamp": "2026-07-02T01:32:37Z", "token_id": "68403683078011534181983449453403670223956468783815711662812446853492543129439", "transaction_hash": "0xaae9ec089f652c3d5243a907d7ac33142ab91aba8434f3ec1a2a5cae73ce5079"}, {"condition_id": "0x9f1fc9fa4e0af34538485d07cd1ca93fd0d7a45989346ed94be84dada491d2a6", "id": "0x044bf95acf072a14ea780c4a50d9e109dc17f583669debf4fbcb4220a5f0dc0c_0x36b7edd3b822fa1771cbafb9a2dbf8cdd068ad2f259419089c31ff7e6682f31a", "outcome": "Under", "price": 0.4700000047261152, "proxy_wallet": "0x3dfb153c197d4c19d3b31c1ecd2c7b6860eeabaf", "side": "BUY", "size": 14.811319, "slug": "mlb-lad-oak-2026-07-01-total-10pt5", "timestamp": "2026-07-02T01:32:37Z", "token_id": "68403683078011534181983449453403670223956468783815711662812446853492543129439", "transaction_hash": "0x044bf95acf072a14ea780c4a50d9e109dc17f583669debf4fbcb4220a5f0dc0c"}, {"condition_id": "0x9f1fc9fa4e0af34538485d07cd1ca93fd0d7a45989346ed94be84dada491d2a6", "id": "0x4ff661321723f297c8cc709bf2f2ed5578127ee49fb4988d384749bc422fec2d_0x36b7edd3b822fa1771cbafb9a2dbf8cdd068ad2f259419089c31ff7e6682f31a", "outcome": "Under", "price": 0.470000002241963, "proxy_wallet": "0x3dfb153c197d4c19d3b31c1ecd2c7b6860eeabaf", "side": "BUY", "size": 22.301885, "slug": "mlb-lad-oak-2026-07-01-total-10pt5", "timestamp": "2026-07-02T01:32:37Z", "token_id": "68403683078011534181983449453403670223956468783815711662812446853492543129439", "transaction_hash": "0x4ff661321723f297c8cc709bf2f2ed5578127ee49fb4988d384749bc422fec2d"}, {"condition_id": "0x9f1fc9fa4e0af34538485d07cd1ca93fd0d7a45989346ed94be84dada491d2a6", "id": "0x28b14ed363f6d821483d1a0965286978af5e6f34a4c0fc8e1d92ca1d228cc74c_0x36b7edd3b822fa1771cbafb9a2dbf8cdd068ad2f259419089c31ff7e6682f31a", "outcome": "Under", "price": 0.47000000000000003, "proxy_wallet": "0x3dfb153c197d4c19d3b31c1ecd2c7b6860eeabaf", "side": "BUY", "size": 248.83, "slug": "mlb-lad-oak-2026-07-01-total-10pt5", "timestamp": "2026-07-02T01:32:37Z", "token_id": "68403683078011534181983449453403670223956468783815711662812446853492543129439", "transaction_hash": "0x28b14ed363f6d821483d1a0965286978af5e6f34a4c0fc8e1d92ca1d228cc74c"}, {"condition_id": "0x9f1fc9fa4e0af34538485d07cd1ca93fd0d7a45989346ed94be84dada491d2a6", "id": "0x2a1e7c686c82423f1b173f8cba1cd85ce91514a8385b8b74dbe12dab8b0b0f1d_0x36b7edd3b822fa1771cbafb9a2dbf8cdd068ad2f259419089c31ff7e6682f31a", "outcome": "Under", "price": 0.47000009842859997, "proxy_wallet": "0x3dfb153c197d4c19d3b31c1ecd2c7b6860eeabaf", "side": "BUY", "size": 3.962263, "slug": "mlb-lad-oak-2026-07-01-total-10pt5", "timestamp": "2026-07-02T01:32:37Z", "token_id": "68403683078011534181983449453403670223956468783815711662812446853492543129439", "transaction_hash": "0x2a1e7c686c82423f1b173f8cba1cd85ce91514a8385b8b74dbe12dab8b0b0f1d"}, {"condition_id": "0x9f1fc9fa4e0af34538485d07cd1ca93fd0d7a45989346ed94be84dada491d2a6", "id": "0xaaca269ba816b0a32af5a575fd645184d2411fd83dfd09dd165265e62f9e5de5_0x36b7edd3b822fa1771cbafb9a2dbf8cdd068ad2f259419089c31ff7e6682f31a", "outcome": "Under", "price": 0.4700000048013938, "proxy_wallet": "0x3dfb153c197d4c19d3b31c1ecd2c7b6860eeabaf", "side": "BUY", "size": 54.150942, "slug": "mlb-lad-oak-2026-07-01-total-10pt5", "timestamp": "2026-07-02T01:27:47Z", "token_id": "68403683078011534181983449453403670223956468783815711662812446853492543129439", "transaction_hash": "0xaaca269ba816b0a32af5a575fd645184d2411fd83dfd09dd165265e62f9e5de5"}, {"condition_id": "0x9f1fc9fa4e0af34538485d07cd1ca93fd0d7a45989346ed94be84dada491d2a6", "id": "0xe8e56cb2d48b654f0a37d8354f1c539d5bf8e3d399a680391163ad41a4a5e4d4_0x36b7edd3b822fa1771cbafb9a2dbf8cdd068ad2f259419089c31ff7e6682f31a", "outcome": "Under", "price": 0.47, "proxy_wallet": "0x3dfb153c197d4c19d3b31c1ecd2c7b6860eeabaf", "side": "BUY", "size": 179.34, "slug": "mlb-lad-oak-2026-07-01-total-10pt5", "timestamp": "2026-07-02T01:27:20Z", "token_id": "68403683078011534181983449453403670223956468783815711662812446853492543129439", "transaction_hash": "0xe8e56cb2d48b654f0a37d8354f1c539d5bf8e3d399a680391163ad41a4a5e4d4"}, {"condition_id": "0x9f1fc9fa4e0af34538485d07cd1ca93fd0d7a45989346ed94be84dada491d2a6", "id": "0x8e025600a2b4ced7419b0ff90d9fc0a970e5c70b69f5762bbe2c49de3c2b0969_0x36b7edd3b822fa1771cbafb9a2dbf8cdd068ad2f259419089c31ff7e6682f31a", "outcome": "Under", "price": 0.4699999999999999, "proxy_wallet": "0x3dfb153c197d4c19d3b31c1ecd2c7b6860eeabaf", "side": "BUY", "size": 16.12, "slug": "mlb-lad-oak-2026-07-01-total-10pt5", "timestamp": "2026-07-02T01:27:19Z", "token_id": "68403683078011534181983449453403670223956468783815711662812446853492543129439", "transaction_hash": "0x8e025600a2b4ced7419b0ff90d9fc0a970e5c70b69f5762bbe2c49de3c2b0969"}, {"condition_id": "0x9f1fc9fa4e0af34538485d07cd1ca93fd0d7a45989346ed94be84dada491d2a6", "id": "0xc8b5dcc5b8942ab67f96a60c53326d0112ccf83174e3b0618c479d7f6f5b0540_0x36b7edd3b822fa1771cbafb9a2dbf8cdd068ad2f259419089c31ff7e6682f31a", "outcome": "Under", "price": 0.47, "proxy_wallet": "0x3dfb153c197d4c19d3b31c1ecd2c7b6860eeabaf", "side": "BUY", "size": 7.05, "slug": "mlb-lad-oak-2026-07-01-total-10pt5", "timestamp": "2026-07-02T01:27:10Z", "token_id": "68403683078011534181983449453403670223956468783815711662812446853492543129439", "transaction_hash": "0xc8b5dcc5b8942ab67f96a60c53326d0112ccf83174e3b0618c479d7f6f5b0540"}, {"condition_id": "0x9f1fc9fa4e0af34538485d07cd1ca93fd0d7a45989346ed94be84dada491d2a6", "id": "0x6bf12ff21414f0bea6fe0a044e0c4e00c205b6e14488c4fa10e052cd61cda483_0x36b7edd3b822fa1771cbafb9a2dbf8cdd068ad2f259419089c31ff7e6682f31a", "outcome": "Under", "price": 0.47000000000000003, "proxy_wallet": "0x3dfb153c197d4c19d3b31c1ecd2c7b6860eeabaf", "side": "BUY", "size": 136.01, "slug": "mlb-lad-oak-2026-07-01-total-10pt5", "timestamp": "2026-07-02T01:26:56Z", "token_id": "68403683078011534181983449453403670223956468783815711662812446853492543129439", "transaction_hash": "0x6bf12ff21414f0bea6fe0a044e0c4e00c205b6e14488c4fa10e052cd61cda483"}, {"condition_id": "0x9f1fc9fa4e0af34538485d07cd1ca93fd0d7a45989346ed94be84dada491d2a6", "id": "0xb42c8bfd7c0f03093d0c7dca527db98efbaf834199effad87d34f873fa953506_0x36b7edd3b822fa1771cbafb9a2dbf8cdd068ad2f259419089c31ff7e6682f31a", "outcome": "Under", "price": 0.47, "proxy_wallet": "0x3dfb153c197d4c19d3b31c1ecd2c7b6860eeabaf", "side": "BUY", "size": 120.9, "slug": "mlb-lad-oak-2026-07-01-total-10pt5", "timestamp": "2026-07-02T01:26:43Z", "token_id": "68403683078011534181983449453403670223956468783815711662812446853492543129439", "transaction_hash": "0xb42c8bfd7c0f03093d0c7dca527db98efbaf834199effad87d34f873fa953506"}, {"condition_id": "0x9f1fc9fa4e0af34538485d07cd1ca93fd0d7a45989346ed94be84dada491d2a6", "id": "0xb473f7869307d0623d7df24cd957e7f0601a3f801a14ae66ef8dac49a1ac3497_0x36b7edd3b822fa1771cbafb9a2dbf8cdd068ad2f259419089c31ff7e6682f31a", "outcome": "Under", "price": 0.47000000000000003, "proxy_wallet": "0x3dfb153c197d4c19d3b31c1ecd2c7b6860eeabaf", "side": "BUY", "size": 44.33, "slug": "mlb-lad-oak-2026-07-01-total-10pt5", "timestamp": "2026-07-02T01:26:43Z", "token_id": "68403683078011534181983449453403670223956468783815711662812446853492543129439", "transaction_hash": "0xb473f7869307d0623d7df24cd957e7f0601a3f801a14ae66ef8dac49a1ac3497"}, {"condition_id": "0x9f1fc9fa4e0af34538485d07cd1ca93fd0d7a45989346ed94be84dada491d2a6", "id": "0xd7db89808ea83b3d0727504a22bcf8825473157561f4ce961c453f9de1f6df45_0x36b7edd3b822fa1771cbafb9a2dbf8cdd068ad2f259419089c31ff7e6682f31a", "outcome": "Under", "price": 0.47, "proxy_wallet": "0x3dfb153c197d4c19d3b31c1ecd2c7b6860eeabaf", "side": "BUY", "size": 180.34, "slug": "mlb-lad-oak-2026-07-01-total-10pt5", "timestamp": "2026-07-02T01:26:34Z", "token_id": "68403683078011534181983449453403670223956468783815711662812446853492543129439", "transaction_hash": "0xd7db89808ea83b3d0727504a22bcf8825473157561f4ce961c453f9de1f6df45"}, {"condition_id": "0x9f1fc9fa4e0af34538485d07cd1ca93fd0d7a45989346ed94be84dada491d2a6", "id": "0x1b1cc94ab234bbde901753424b131eb743648563decff7ca981e17b27a5ea0d6_0x36b7edd3b822fa1771cbafb9a2dbf8cdd068ad2f259419089c31ff7e6682f31a", "outcome": "Under", "price": 0.47, "proxy_wallet": "0x3dfb153c197d4c19d3b31c1ecd2c7b6860eeabaf", "side": "BUY", "size": 89.67, "slug": "mlb-lad-oak-2026-07-01-total-10pt5", "timestamp": "2026-07-02T01:26:32Z", "token_id": "68403683078011534181983449453403670223956468783815711662812446853492543129439", "transaction_hash": "0x1b1cc94ab234bbde901753424b131eb743648563decff7ca981e17b27a5ea0d6"}], "polled_at": "2026-07-02T01:49:24.230183+00:00"}