{"wallet": "0xa0f21e6d351baa9185716b5c00c2925ed9621848", "total_trades_90d": 200, "mlb_trades_count": 50, "mlb_condition_ids": ["0x381a231517cf6088520a51df34bd1db9b93d035ba51913f98ca845d661e5e738"], "mlb_trade_details": [{"condition_id": "0x381a231517cf6088520a51df34bd1db9b93d035ba51913f98ca845d661e5e738", "id": "0x94657ac80c73f737f83abe23f2583b3de0ce7af60d23b863453c02b7e6204281_0xabf48e27f9088a4db8812695eac912d6c1522147e090740b251a1458ae9947c6", "outcome": "Detroit Tigers", "price": 0.9096223241590214, "proxy_wallet": "0xa0f21e6d351baa9185716b5c00c2925ed9621848", "side": "SELL", "size": 654, "slug": "mlb-det-nyy-2026-07-01", "timestamp": "2026-07-01T20:38:44Z", "token_id": "21732814863574116195637613767442167544947896812245617431219863699392535019565", "transaction_hash": "0x94657ac80c73f737f83abe23f2583b3de0ce7af60d23b863453c02b7e6204281"}, {"condition_id": "0x381a231517cf6088520a51df34bd1db9b93d035ba51913f98ca845d661e5e738", "id": "0xf6dd412d54152a76d60976f53c528ebd45a4320d3c192caed0c901287202f149_0x598250b5b1c0676c0e701003a3b078f5363f9e06f83cc102e3c8ad1b0ce16cdd", "outcome": "Detroit Tigers", "price": 0.91, "proxy_wallet": "0xa0f21e6d351baa9185716b5c00c2925ed9621848", "side": "SELL", "size": 2500, "slug": "mlb-det-nyy-2026-07-01", "timestamp": "2026-07-01T20:38:44Z", "token_id": "21732814863574116195637613767442167544947896812245617431219863699392535019565", "transaction_hash": "0xf6dd412d54152a76d60976f53c528ebd45a4320d3c192caed0c901287202f149"}, {"condition_id": "0x381a231517cf6088520a51df34bd1db9b93d035ba51913f98ca845d661e5e738", "id": "0xa6e0b8317dacdcd77addacc1297adbc42913dda5ad1e84f1ee7aaab002c750d4_0x6cd281a7120aa42e79a0b345d128bb2e61b1a75761241eedc3c892ad47904467", "outcome": "Detroit Tigers", "price": 0.9122804, "proxy_wallet": "0xa0f21e6d351baa9185716b5c00c2925ed9621848", "side": "SELL", "size": 2500, "slug": "mlb-det-nyy-2026-07-01", "timestamp": "2026-07-01T20:38:44Z", "token_id": "21732814863574116195637613767442167544947896812245617431219863699392535019565", "transaction_hash": "0xa6e0b8317dacdcd77addacc1297adbc42913dda5ad1e84f1ee7aaab002c750d4"}, {"condition_id": "0x381a231517cf6088520a51df34bd1db9b93d035ba51913f98ca845d661e5e738", "id": "0xc796951e0c37b17ce8f5ce80a3fe683bf6c4f93faca9184fcb4174863c28ceea_0x9ef8f02628dc09e06f9a527bd0fb350a5ee0eed547e89a53cae2c28ab407b73f", "outcome": "Detroit Tigers", "price": 0.91, "proxy_wallet": "0xa0f21e6d351baa9185716b5c00c2925ed9621848", "side": "SELL", "size": 2500, "slug": "mlb-det-nyy-2026-07-01", "timestamp": "2026-07-01T20:38:43Z", "token_id": "21732814863574116195637613767442167544947896812245617431219863699392535019565", "transaction_hash": "0xc796951e0c37b17ce8f5ce80a3fe683bf6c4f93faca9184fcb4174863c28ceea"}, {"condition_id": "0x381a231517cf6088520a51df34bd1db9b93d035ba51913f98ca845d661e5e738", "id": "0x6d7a482ceeccea1ff19cd1c642dd5cbf1495e5a9a884d73f06df3e906e27efc5_0x15793c4cd39bd4c08f048bc91a065dc7a858b3696dcf3e038c13de4d4a401b8e", "outcome": "Detroit Tigers", "price": 0.9364984000000001, "proxy_wallet": "0xa0f21e6d351baa9185716b5c00c2925ed9621848", "side": "SELL", "size": 2500, "slug": "mlb-det-nyy-2026-07-01", "timestamp": "2026-07-01T20:38:41Z", "token_id": "21732814863574116195637613767442167544947896812245617431219863699392535019565", "transaction_hash": "0x6d7a482ceeccea1ff19cd1c642dd5cbf1495e5a9a884d73f06df3e906e27efc5"}, {"condition_id": "0x381a231517cf6088520a51df34bd1db9b93d035ba51913f98ca845d661e5e738", "id": "0x7bf481b1c91684ca82585d20355dcea6b8ba48dde37424875489361a2be6757f_0x27345353048330a06814441e708ee955c4adb926270f67aea51ad59aaddeaa7d", "outcome": "Detroit Tigers", "price": 0.91, "proxy_wallet": "0xa0f21e6d351baa9185716b5c00c2925ed9621848", "side": "SELL", "size": 2500, "slug": "mlb-det-nyy-2026-07-01", "timestamp": "2026-07-01T20:38:41Z", "token_id": "21732814863574116195637613767442167544947896812245617431219863699392535019565", "transaction_hash": "0x7bf481b1c91684ca82585d20355dcea6b8ba48dde37424875489361a2be6757f"}, {"condition_id": "0x381a231517cf6088520a51df34bd1db9b93d035ba51913f98ca845d661e5e738", "id": "0x6802d4b619d95f61ce9b7b3c7eb6202597c309a11d9d0ec0aa24397b4aab3716_0x2011e28c5949349f3484611591d2c066f2ea006cd87ad0ca0dfb3fd5605a84e2", "outcome": "Detroit Tigers", "price": 0.9402, "proxy_wallet": "0xa0f21e6d351baa9185716b5c00c2925ed9621848", "side": "SELL", "size": 2500, "slug": "mlb-det-nyy-2026-07-01", "timestamp": "2026-07-01T20:38:40Z", "token_id": "21732814863574116195637613767442167544947896812245617431219863699392535019565", "transaction_hash": "0x6802d4b619d95f61ce9b7b3c7eb6202597c309a11d9d0ec0aa24397b4aab3716"}, {"condition_id": "0x381a231517cf6088520a51df34bd1db9b93d035ba51913f98ca845d661e5e738", "id": "0x72c736d39fef4f61094ddbe4022847cc8f310857ac0bf78b26bbd70cbf548ea2_0x964604e71f173c3637df94d55d825464b60aca1e5e2366690ccd664523d184f3", "outcome": "Detroit Tigers", "price": 0.94, "proxy_wallet": "0xa0f21e6d351baa9185716b5c00c2925ed9621848", "side": "SELL", "size": 2500, "slug": "mlb-det-nyy-2026-07-01", "timestamp": "2026-07-01T20:38:38Z", "token_id": "21732814863574116195637613767442167544947896812245617431219863699392535019565", "transaction_hash": "0x72c736d39fef4f61094ddbe4022847cc8f310857ac0bf78b26bbd70cbf548ea2"}, {"condition_id": "0x381a231517cf6088520a51df34bd1db9b93d035ba51913f98ca845d661e5e738", "id": "0x327fe24de6aac92bb53fb62038dee6847053b09cdc4d130d36fd619c0ae66fee_0xff9feddeac784a6b3df32485e3a49500701e84755b5c315d3eb1bbd8ca43fda7", "outcome": "Detroit Tigers", "price": 0.94, "proxy_wallet": "0xa0f21e6d351baa9185716b5c00c2925ed9621848", "side": "SELL", "size": 2500, "slug": "mlb-det-nyy-2026-07-01", "timestamp": "2026-07-01T20:38:38Z", "token_id": "21732814863574116195637613767442167544947896812245617431219863699392535019565", "transaction_hash": "0x327fe24de6aac92bb53fb62038dee6847053b09cdc4d130d36fd619c0ae66fee"}, {"condition_id": "0x381a231517cf6088520a51df34bd1db9b93d035ba51913f98ca845d661e5e738", "id": "0x35e12a17d32b4d888757795097c44a11ff15342dfc0f58c3d9550565a9a6b5a0_0x10ab0fb4d67fd53be1b9e7fe950f210e7485af0f5ce9d26059e8cdf2545f7f61", "outcome": "Detroit Tigers", "price": 0.9, "proxy_wallet": "0xa0f21e6d351baa9185716b5c00c2925ed9621848", "side": "SELL", "size": 2500, "slug": "mlb-det-nyy-2026-07-01", "timestamp": "2026-07-01T20:38:37Z", "token_id": "21732814863574116195637613767442167544947896812245617431219863699392535019565", "transaction_hash": "0x35e12a17d32b4d888757795097c44a11ff15342dfc0f58c3d9550565a9a6b5a0"}, {"condition_id": "0x381a231517cf6088520a51df34bd1db9b93d035ba51913f98ca845d661e5e738", "id": "0x5fafb1fc5ba0d3f191b2f53682800bd5c1d726f0c5d3ae1dfd58df9b8c483a42_0x1de6579ccca63d97d3db2eb6eaec453eae285e65163b251bc7dc0398a6f74f0a", "outcome": "Detroit Tigers", "price": 0.9, "proxy_wallet": "0xa0f21e6d351baa9185716b5c00c2925ed9621848", "side": "SELL", "size": 2500, "slug": "mlb-det-nyy-2026-07-01", "timestamp": "2026-07-01T20:38:37Z", "token_id": "21732814863574116195637613767442167544947896812245617431219863699392535019565", "transaction_hash": "0x5fafb1fc5ba0d3f191b2f53682800bd5c1d726f0c5d3ae1dfd58df9b8c483a42"}, {"condition_id": "0x381a231517cf6088520a51df34bd1db9b93d035ba51913f98ca845d661e5e738", "id": "0xc6355f1edc9cd64f564bb41c98fd322591375997e3cd19f71e2d4c37a7749856_0x018962a0d3b8af9cf016007257646168e0b0d653df598a86ed70492074f381f2", "outcome": "Detroit Tigers", "price": 0.9, "proxy_wallet": "0xa0f21e6d351baa9185716b5c00c2925ed9621848", "side": "SELL", "size": 2500, "slug": "mlb-det-nyy-2026-07-01", "timestamp": "2026-07-01T20:38:35Z", "token_id": "21732814863574116195637613767442167544947896812245617431219863699392535019565", "transaction_hash": "0xc6355f1edc9cd64f564bb41c98fd322591375997e3cd19f71e2d4c37a7749856"}, {"condition_id": "0x381a231517cf6088520a51df34bd1db9b93d035ba51913f98ca845d661e5e738", "id": "0x56883ca816de73628ee5f0c011fb71dc10509efab0a234539d0924787c89b644_0xadd22b7bde104f9addd28b7d2b1cd8ca610b5fc2ab8b7fc1e49bdf3b5d943e3a", "outcome": "Detroit Tigers", "price": 0.9000024, "proxy_wallet": "0xa0f21e6d351baa9185716b5c00c2925ed9621848", "side": "SELL", "size": 2500, "slug": "mlb-det-nyy-2026-07-01", "timestamp": "2026-07-01T20:38:35Z", "token_id": "21732814863574116195637613767442167544947896812245617431219863699392535019565", "transaction_hash": "0x56883ca816de73628ee5f0c011fb71dc10509efab0a234539d0924787c89b644"}, {"condition_id": "0x381a231517cf6088520a51df34bd1db9b93d035ba51913f98ca845d661e5e738", "id": "0x0cea204f5b160ab6cfa16a549b3fe49581a4cae5a5e7ba1519b2666a1d29722c_0x9e43a9f317d4607403b34f9a6a13cea51becc71bbc7bf3ece2c9482ff7aafbaf", "outcome": "Detroit Tigers", "price": 0.90656632, "proxy_wallet": "0xa0f21e6d351baa9185716b5c00c2925ed9621848", "side": "SELL", "size": 2500, "slug": "mlb-det-nyy-2026-07-01", "timestamp": "2026-07-01T20:38:34Z", "token_id": "21732814863574116195637613767442167544947896812245617431219863699392535019565", "transaction_hash": "0x0cea204f5b160ab6cfa16a549b3fe49581a4cae5a5e7ba1519b2666a1d29722c"}, {"condition_id": "0x381a231517cf6088520a51df34bd1db9b93d035ba51913f98ca845d661e5e738", "id": "0xb0753580ec2fb8f5c40c5ecc5c524eaa6e335fe614b4238d81e72ba88834b0c5_0xafc803e35159f888d87e37126e4db0f93fe5cb7a4ca215191531caa871605aad", "outcome": "Detroit Tigers", "price": 0.93079152, "proxy_wallet": "0xa0f21e6d351baa9185716b5c00c2925ed9621848", "side": "SELL", "size": 2500, "slug": "mlb-det-nyy-2026-07-01", "timestamp": "2026-07-01T20:38:32Z", "token_id": "21732814863574116195637613767442167544947896812245617431219863699392535019565", "transaction_hash": "0xb0753580ec2fb8f5c40c5ecc5c524eaa6e335fe614b4238d81e72ba88834b0c5"}, {"condition_id": "0x381a231517cf6088520a51df34bd1db9b93d035ba51913f98ca845d661e5e738", "id": "0x37b4d9bacbd19968b9a17346b2d84a81ec396c1c1764725059ec8e3593f56f85_0x191ac752a7c841d0d0a1e805485219c5bc9979385d9edcf861b45cbbb2948030", "outcome": "Detroit Tigers", "price": 0.6977696154874354, "proxy_wallet": "0xa0f21e6d351baa9185716b5c00c2925ed9621848", "side": "SELL", "size": 1795.52, "slug": "mlb-det-nyy-2026-07-01", "timestamp": "2026-07-01T20:38:02Z", "token_id": "21732814863574116195637613767442167544947896812245617431219863699392535019565", "transaction_hash": "0x37b4d9bacbd19968b9a17346b2d84a81ec396c1c1764725059ec8e3593f56f85"}, {"condition_id": "0x381a231517cf6088520a51df34bd1db9b93d035ba51913f98ca845d661e5e738", "id": "0xd735ccb7b2e8f6890190b88ed1c89fd8ab70a4542a0103491871f3b1d986badd_0x191ac752a7c841d0d0a1e805485219c5bc9979385d9edcf861b45cbbb2948030", "outcome": "Detroit Tigers", "price": 0.63, "proxy_wallet": "0xa0f21e6d351baa9185716b5c00c2925ed9621848", "side": "SELL", "size": 704.48, "slug": "mlb-det-nyy-2026-07-01", "timestamp": "2026-07-01T20:38:02Z", "token_id": "21732814863574116195637613767442167544947896812245617431219863699392535019565", "transaction_hash": "0xd735ccb7b2e8f6890190b88ed1c89fd8ab70a4542a0103491871f3b1d986badd"}, {"condition_id": "0x381a231517cf6088520a51df34bd1db9b93d035ba51913f98ca845d661e5e738", "id": "0x64db763bfbb25a08ea1909ba0ed8b43e7f6b8af8c30e1a819d33693770259d9f_0xd18750cc2a5ddf94dae628c4f380989c5e01858153fbad71998e77067d54a74c", "outcome": "Detroit Tigers", "price": 0.629999948339994, "proxy_wallet": "0xa0f21e6d351baa9185716b5c00c2925ed9621848", "side": "SELL", "size": 15.873014, "slug": "mlb-det-nyy-2026-07-01", "timestamp": "2026-07-01T20:38:01Z", "token_id": "21732814863574116195637613767442167544947896812245617431219863699392535019565", "transaction_hash": "0x64db763bfbb25a08ea1909ba0ed8b43e7f6b8af8c30e1a819d33693770259d9f"}, {"condition_id": "0x381a231517cf6088520a51df34bd1db9b93d035ba51913f98ca845d661e5e738", "id": "0x2c8179ed46bb05a6e234049a950410e4bc7f4596d4cfb4fb95a46e7b30565318_0xd18750cc2a5ddf94dae628c4f380989c5e01858153fbad71998e77067d54a74c", "outcome": "Detroit Tigers", "price": 0.63, "proxy_wallet": "0xa0f21e6d351baa9185716b5c00c2925ed9621848", "side": "SELL", "size": 617, "slug": "mlb-det-nyy-2026-07-01", "timestamp": "2026-07-01T20:38:01Z", "token_id": "21732814863574116195637613767442167544947896812245617431219863699392535019565", "transaction_hash": "0x2c8179ed46bb05a6e234049a950410e4bc7f4596d4cfb4fb95a46e7b30565318"}, {"condition_id": "0x381a231517cf6088520a51df34bd1db9b93d035ba51913f98ca845d661e5e738", "id": "0x2d4ec10bac6c6e2838dae9e1429adda9081dbade6054278192fb4f4702e6b874_0xd18750cc2a5ddf94dae628c4f380989c5e01858153fbad71998e77067d54a74c", "outcome": "Detroit Tigers", "price": 0.63, "proxy_wallet": "0xa0f21e6d351baa9185716b5c00c2925ed9621848", "side": "SELL", "size": 294.6, "slug": "mlb-det-nyy-2026-07-01", "timestamp": "2026-07-01T20:38:01Z", "token_id": "21732814863574116195637613767442167544947896812245617431219863699392535019565", "transaction_hash": "0x2d4ec10bac6c6e2838dae9e1429adda9081dbade6054278192fb4f4702e6b874"}, {"condition_id": "0x381a231517cf6088520a51df34bd1db9b93d035ba51913f98ca845d661e5e738", "id": "0x8c5f6c1bde7c1e20f2cb433b21bba246068f678009ce5728800803412eeed6b9_0xd18750cc2a5ddf94dae628c4f380989c5e01858153fbad71998e77067d54a74c", "outcome": "Detroit Tigers", "price": 0.63, "proxy_wallet": "0xa0f21e6d351baa9185716b5c00c2925ed9621848", "side": "SELL", "size": 1130.86, "slug": "mlb-det-nyy-2026-07-01", "timestamp": "2026-07-01T20:38:01Z", "token_id": "21732814863574116195637613767442167544947896812245617431219863699392535019565", "transaction_hash": "0x8c5f6c1bde7c1e20f2cb433b21bba246068f678009ce5728800803412eeed6b9"}, {"condition_id": "0x381a231517cf6088520a51df34bd1db9b93d035ba51913f98ca845d661e5e738", "id": "0x14ed1b6cbd86f3022fff1d944b5a950b0179102ecbb6b34968ec86f5838d23a3_0xd18750cc2a5ddf94dae628c4f380989c5e01858153fbad71998e77067d54a74c", "outcome": "Detroit Tigers", "price": 0.63, "proxy_wallet": "0xa0f21e6d351baa9185716b5c00c2925ed9621848", "side": "SELL", "size": 387.89, "slug": "mlb-det-nyy-2026-07-01", "timestamp": "2026-07-01T20:38:01Z", "token_id": "21732814863574116195637613767442167544947896812245617431219863699392535019565", "transaction_hash": "0x14ed1b6cbd86f3022fff1d944b5a950b0179102ecbb6b34968ec86f5838d23a3"}, {"condition_id": "0x381a231517cf6088520a51df34bd1db9b93d035ba51913f98ca845d661e5e738", "id": "0xb27c815cb488097a117e1887ebf0b8529b9f6758f3d0ab61f78e81fa1bb47c07_0xefeb2aab55ebf3b0349efa240fbd32f51f7f4f2bb1ebd65f61a49c6546b81c9e", "outcome": "Detroit Tigers", "price": 0.63, "proxy_wallet": "0xa0f21e6d351baa9185716b5c00c2925ed9621848", "side": "SELL", "size": 50, "slug": "mlb-det-nyy-2026-07-01", "timestamp": "2026-07-01T20:37:59Z", "token_id": "21732814863574116195637613767442167544947896812245617431219863699392535019565", "transaction_hash": "0xb27c815cb488097a117e1887ebf0b8529b9f6758f3d0ab61f78e81fa1bb47c07"}, {"condition_id": "0x381a231517cf6088520a51df34bd1db9b93d035ba51913f98ca845d661e5e738", "id": "0x8e4e4e42f28f2643b9c0ab5feb1ff895c44a537303b21deb210c9bb68fde2cdc_0xd18750cc2a5ddf94dae628c4f380989c5e01858153fbad71998e77067d54a74c", "outcome": "Detroit Tigers", "price": 0.6299998661944819, "proxy_wallet": "0xa0f21e6d351baa9185716b5c00c2925ed9621848", "side": "SELL", "size": 0.896824, "slug": "mlb-det-nyy-2026-07-01", "timestamp": "2026-07-01T20:37:59Z", "token_id": "21732814863574116195637613767442167544947896812245617431219863699392535019565", "transaction_hash": "0x8e4e4e42f28f2643b9c0ab5feb1ff895c44a537303b21deb210c9bb68fde2cdc"}, {"condition_id": "0x381a231517cf6088520a51df34bd1db9b93d035ba51913f98ca845d661e5e738", "id": "0x023d48e11a572479ee49ca352be35df65d907f148d9368c43f05152c32c75904_0xd18750cc2a5ddf94dae628c4f380989c5e01858153fbad71998e77067d54a74c", "outcome": "Detroit Tigers", "price": 0.629999948339994, "proxy_wallet": "0xa0f21e6d351baa9185716b5c00c2925ed9621848", "side": "SELL", "size": 15.873014, "slug": "mlb-det-nyy-2026-07-01", "timestamp": "2026-07-01T20:37:59Z", "token_id": "21732814863574116195637613767442167544947896812245617431219863699392535019565", "transaction_hash": "0x023d48e11a572479ee49ca352be35df65d907f148d9368c43f05152c32c75904"}, {"condition_id": "0x381a231517cf6088520a51df34bd1db9b93d035ba51913f98ca845d661e5e738", "id": "0x99f16612773af70f0fa9d5a6c0a329f208e0e8edac50c7109fdfbdf13f5e3b05_0xd18750cc2a5ddf94dae628c4f380989c5e01858153fbad71998e77067d54a74c", "outcome": "Detroit Tigers", "price": 0.629999948339994, "proxy_wallet": "0xa0f21e6d351baa9185716b5c00c2925ed9621848", "side": "SELL", "size": 15.873014, "slug": "mlb-det-nyy-2026-07-01", "timestamp": "2026-07-01T20:37:59Z", "token_id": "21732814863574116195637613767442167544947896812245617431219863699392535019565", "transaction_hash": "0x99f16612773af70f0fa9d5a6c0a329f208e0e8edac50c7109fdfbdf13f5e3b05"}, {"condition_id": "0x381a231517cf6088520a51df34bd1db9b93d035ba51913f98ca845d661e5e738", "id": "0xabd470f0a12825adf0a9ff8e029df56024dd8d1857788bbcbec620a5c08effab_0xd18750cc2a5ddf94dae628c4f380989c5e01858153fbad71998e77067d54a74c", "outcome": "Detroit Tigers", "price": 0.629999948339994, "proxy_wallet": "0xa0f21e6d351baa9185716b5c00c2925ed9621848", "side": "SELL", "size": 15.873014, "slug": "mlb-det-nyy-2026-07-01", "timestamp": "2026-07-01T20:37:59Z", "token_id": "21732814863574116195637613767442167544947896812245617431219863699392535019565", "transaction_hash": "0xabd470f0a12825adf0a9ff8e029df56024dd8d1857788bbcbec620a5c08effab"}, {"condition_id": "0x381a231517cf6088520a51df34bd1db9b93d035ba51913f98ca845d661e5e738", "id": "0xc1c44070eb9b30ec31928fc65ecf6df1a3f9f163af54158feafb8765aaaab82d_0xd18750cc2a5ddf94dae628c4f380989c5e01858153fbad71998e77067d54a74c", "outcome": "Detroit Tigers", "price": 0.63, "proxy_wallet": "0xa0f21e6d351baa9185716b5c00c2925ed9621848", "side": "SELL", "size": 5.23, "slug": "mlb-det-nyy-2026-07-01", "timestamp": "2026-07-01T20:37:59Z", "token_id": "21732814863574116195637613767442167544947896812245617431219863699392535019565", "transaction_hash": "0xc1c44070eb9b30ec31928fc65ecf6df1a3f9f163af54158feafb8765aaaab82d"}, {"condition_id": "0x381a231517cf6088520a51df34bd1db9b93d035ba51913f98ca845d661e5e738", "id": "0x3942a6b7f86408040b64cc9d1c44edbfc118ca46e5fdc31410cd55b54dc11e94_0xefeb2aab55ebf3b0349efa240fbd32f51f7f4f2bb1ebd65f61a49c6546b81c9e", "outcome": "Detroit Tigers", "price": 0.6299999992685819, "proxy_wallet": "0xa0f21e6d351baa9185716b5c00c2925ed9621848", "side": "SELL", "size": 1298.846665, "slug": "mlb-det-nyy-2026-07-01", "timestamp": "2026-07-01T20:37:58Z", "token_id": "21732814863574116195637613767442167544947896812245617431219863699392535019565", "transaction_hash": "0x3942a6b7f86408040b64cc9d1c44edbfc118ca46e5fdc31410cd55b54dc11e94"}, {"condition_id": "0x381a231517cf6088520a51df34bd1db9b93d035ba51913f98ca845d661e5e738", "id": "0x7e27caf113a19409db65ec006c5f2c362b110252e1507913531c47020d2f0f73_0xefeb2aab55ebf3b0349efa240fbd32f51f7f4f2bb1ebd65f61a49c6546b81c9e", "outcome": "Detroit Tigers", "price": 0.63, "proxy_wallet": "0xa0f21e6d351baa9185716b5c00c2925ed9621848", "side": "SELL", "size": 1151.15, "slug": "mlb-det-nyy-2026-07-01", "timestamp": "2026-07-01T20:37:58Z", "token_id": "21732814863574116195637613767442167544947896812245617431219863699392535019565", "transaction_hash": "0x7e27caf113a19409db65ec006c5f2c362b110252e1507913531c47020d2f0f73"}, {"condition_id": "0x381a231517cf6088520a51df34bd1db9b93d035ba51913f98ca845d661e5e738", "id": "0x9a1d54526e6133c9f8546be0c36e15d7750fec55403f18375d280d6d5004414d_0xbe9d89dcf9dfda3357c5f63cd24d25effb976e0525a7bc17b3b8997c3d63949a", "outcome": "Detroit Tigers", "price": 0.63, "proxy_wallet": "0xa0f21e6d351baa9185716b5c00c2925ed9621848", "side": "SELL", "size": 100, "slug": "mlb-det-nyy-2026-07-01", "timestamp": "2026-07-01T20:37:58Z", "token_id": "21732814863574116195637613767442167544947896812245617431219863699392535019565", "transaction_hash": "0x9a1d54526e6133c9f8546be0c36e15d7750fec55403f18375d280d6d5004414d"}, {"condition_id": "0x381a231517cf6088520a51df34bd1db9b93d035ba51913f98ca845d661e5e738", "id": "0x5f5f0408870ff8362b2bbf88088673d3984a03792e92f9f13ff56ffe1fbeb7c8_0xbe9d89dcf9dfda3357c5f63cd24d25effb976e0525a7bc17b3b8997c3d63949a", "outcome": "Detroit Tigers", "price": 0.63, "proxy_wallet": "0xa0f21e6d351baa9185716b5c00c2925ed9621848", "side": "SELL", "size": 225.6, "slug": "mlb-det-nyy-2026-07-01", "timestamp": "2026-07-01T20:37:58Z", "token_id": "21732814863574116195637613767442167544947896812245617431219863699392535019565", "transaction_hash": "0x5f5f0408870ff8362b2bbf88088673d3984a03792e92f9f13ff56ffe1fbeb7c8"}, {"condition_id": "0x381a231517cf6088520a51df34bd1db9b93d035ba51913f98ca845d661e5e738", "id": "0x0ca7fa95a3dc7b237843727fd941eb56e07fca3a41a461a674f559825e570c82_0xbe9d89dcf9dfda3357c5f63cd24d25effb976e0525a7bc17b3b8997c3d63949a", "outcome": "Detroit Tigers", "price": 0.63, "proxy_wallet": "0xa0f21e6d351baa9185716b5c00c2925ed9621848", "side": "SELL", "size": 2174.4, "slug": "mlb-det-nyy-2026-07-01", "timestamp": "2026-07-01T20:37:58Z", "token_id": "21732814863574116195637613767442167544947896812245617431219863699392535019565", "transaction_hash": "0x0ca7fa95a3dc7b237843727fd941eb56e07fca3a41a461a674f559825e570c82"}, {"condition_id": "0x381a231517cf6088520a51df34bd1db9b93d035ba51913f98ca845d661e5e738", "id": "0x44cdb296c10b5c0ce4a084c52be8ec27640ec3da604ac9c7eba612ec10a9787b_0xa2d9f6883cf73bca7d8976acc3dd70f2f658e59dc04e7a64a08032145a5a1074", "outcome": "Detroit Tigers", "price": 0.63, "proxy_wallet": "0xa0f21e6d351baa9185716b5c00c2925ed9621848", "side": "SELL", "size": 1535, "slug": "mlb-det-nyy-2026-07-01", "timestamp": "2026-07-01T20:37:56Z", "token_id": "21732814863574116195637613767442167544947896812245617431219863699392535019565", "transaction_hash": "0x44cdb296c10b5c0ce4a084c52be8ec27640ec3da604ac9c7eba612ec10a9787b"}, {"condition_id": "0x381a231517cf6088520a51df34bd1db9b93d035ba51913f98ca845d661e5e738", "id": "0x208ceb6675ef435f5d888d54bf776f567704f676454458422feeb5bab2b573bf_0xa2d9f6883cf73bca7d8976acc3dd70f2f658e59dc04e7a64a08032145a5a1074", "outcome": "Detroit Tigers", "price": 0.6299999999999999, "proxy_wallet": "0xa0f21e6d351baa9185716b5c00c2925ed9621848", "side": "SELL", "size": 885, "slug": "mlb-det-nyy-2026-07-01", "timestamp": "2026-07-01T20:37:56Z", "token_id": "21732814863574116195637613767442167544947896812245617431219863699392535019565", "transaction_hash": "0x208ceb6675ef435f5d888d54bf776f567704f676454458422feeb5bab2b573bf"}, {"condition_id": "0x381a231517cf6088520a51df34bd1db9b93d035ba51913f98ca845d661e5e738", "id": "0x71e0db2053a94a55481bef9f31062f61ed8893eb84264fec36eff98b42b41e72_0xa2d9f6883cf73bca7d8976acc3dd70f2f658e59dc04e7a64a08032145a5a1074", "outcome": "Detroit Tigers", "price": 0.63, "proxy_wallet": "0xa0f21e6d351baa9185716b5c00c2925ed9621848", "side": "SELL", "size": 80, "slug": "mlb-det-nyy-2026-07-01", "timestamp": "2026-07-01T20:37:56Z", "token_id": "21732814863574116195637613767442167544947896812245617431219863699392535019565", "transaction_hash": "0x71e0db2053a94a55481bef9f31062f61ed8893eb84264fec36eff98b42b41e72"}, {"condition_id": "0x381a231517cf6088520a51df34bd1db9b93d035ba51913f98ca845d661e5e738", "id": "0xb34b3cfcfd0475f277060e271a9995a2b91d3cef4819d7a7013989ae61c3d6b0_0xf4c7a4cd510858b4ff7a0bf5b1d3154b0927daa70d961277b31c8cb5336031c9", "outcome": "Detroit Tigers", "price": 0.63, "proxy_wallet": "0xa0f21e6d351baa9185716b5c00c2925ed9621848", "side": "SELL", "size": 1445, "slug": "mlb-det-nyy-2026-07-01", "timestamp": "2026-07-01T20:37:55Z", "token_id": "21732814863574116195637613767442167544947896812245617431219863699392535019565", "transaction_hash": "0xb34b3cfcfd0475f277060e271a9995a2b91d3cef4819d7a7013989ae61c3d6b0"}, {"condition_id": "0x381a231517cf6088520a51df34bd1db9b93d035ba51913f98ca845d661e5e738", "id": "0xdf1d4e6198845a5f98cdb296ed5b91b1bfd6374a0f46872530e84c86981ce7f7_0xf4c7a4cd510858b4ff7a0bf5b1d3154b0927daa70d961277b31c8cb5336031c9", "outcome": "Detroit Tigers", "price": 0.6366824644549763, "proxy_wallet": "0xa0f21e6d351baa9185716b5c00c2925ed9621848", "side": "SELL", "size": 1055, "slug": "mlb-det-nyy-2026-07-01", "timestamp": "2026-07-01T20:37:55Z", "token_id": "21732814863574116195637613767442167544947896812245617431219863699392535019565", "transaction_hash": "0xdf1d4e6198845a5f98cdb296ed5b91b1bfd6374a0f46872530e84c86981ce7f7"}, {"condition_id": "0x381a231517cf6088520a51df34bd1db9b93d035ba51913f98ca845d661e5e738", "id": "0x3a72b4267a8d9e67fd9effd56e28518ced8e30913ef6b62cf86b6725848837c1_0x46e15a3bb540f7c44a0d7d19d73c6dcc43301621afd34fa99df40c22e7af2c52", "outcome": "Detroit Tigers", "price": 0.63, "proxy_wallet": "0xa0f21e6d351baa9185716b5c00c2925ed9621848", "side": "SELL", "size": 30, "slug": "mlb-det-nyy-2026-07-01", "timestamp": "2026-07-01T20:37:55Z", "token_id": "21732814863574116195637613767442167544947896812245617431219863699392535019565", "transaction_hash": "0x3a72b4267a8d9e67fd9effd56e28518ced8e30913ef6b62cf86b6725848837c1"}, {"condition_id": "0x381a231517cf6088520a51df34bd1db9b93d035ba51913f98ca845d661e5e738", "id": "0xcb489190598856d11b932c0b0dd53571aa477935b23010aed4fa563e1e6eb128_0x46e15a3bb540f7c44a0d7d19d73c6dcc43301621afd34fa99df40c22e7af2c52", "outcome": "Detroit Tigers", "price": 0.6699999999999999, "proxy_wallet": "0xa0f21e6d351baa9185716b5c00c2925ed9621848", "side": "SELL", "size": 765, "slug": "mlb-det-nyy-2026-07-01", "timestamp": "2026-07-01T20:37:55Z", "token_id": "21732814863574116195637613767442167544947896812245617431219863699392535019565", "transaction_hash": "0xcb489190598856d11b932c0b0dd53571aa477935b23010aed4fa563e1e6eb128"}, {"condition_id": "0x381a231517cf6088520a51df34bd1db9b93d035ba51913f98ca845d661e5e738", "id": "0xab122b42336fb6b8cc918f233006d0bc2a68a39f7a321408faf0df506402182f_0x46e15a3bb540f7c44a0d7d19d73c6dcc43301621afd34fa99df40c22e7af2c52", "outcome": "Detroit Tigers", "price": 0.6299999579999901, "proxy_wallet": "0xa0f21e6d351baa9185716b5c00c2925ed9621848", "side": "SELL", "size": 5.238094, "slug": "mlb-det-nyy-2026-07-01", "timestamp": "2026-07-01T20:37:55Z", "token_id": "21732814863574116195637613767442167544947896812245617431219863699392535019565", "transaction_hash": "0xab122b42336fb6b8cc918f233006d0bc2a68a39f7a321408faf0df506402182f"}, {"condition_id": "0x381a231517cf6088520a51df34bd1db9b93d035ba51913f98ca845d661e5e738", "id": "0xa2052b82a9212f450092a4d8b18331bf5b851d9fc73cc23e4a2c805541bad6f2_0x46e15a3bb540f7c44a0d7d19d73c6dcc43301621afd34fa99df40c22e7af2c52", "outcome": "Detroit Tigers", "price": 0.63, "proxy_wallet": "0xa0f21e6d351baa9185716b5c00c2925ed9621848", "side": "SELL", "size": 5, "slug": "mlb-det-nyy-2026-07-01", "timestamp": "2026-07-01T20:37:55Z", "token_id": "21732814863574116195637613767442167544947896812245617431219863699392535019565", "transaction_hash": "0xa2052b82a9212f450092a4d8b18331bf5b851d9fc73cc23e4a2c805541bad6f2"}, {"condition_id": "0x381a231517cf6088520a51df34bd1db9b93d035ba51913f98ca845d661e5e738", "id": "0x8a7ac1c4e5a3a496661487813eb66eb7c007cb86396b1f70b24a27117a78e2b5_0x46e15a3bb540f7c44a0d7d19d73c6dcc43301621afd34fa99df40c22e7af2c52", "outcome": "Detroit Tigers", "price": 0.6299999999999999, "proxy_wallet": "0xa0f21e6d351baa9185716b5c00c2925ed9621848", "side": "SELL", "size": 1694.76, "slug": "mlb-det-nyy-2026-07-01", "timestamp": "2026-07-01T20:37:55Z", "token_id": "21732814863574116195637613767442167544947896812245617431219863699392535019565", "transaction_hash": "0x8a7ac1c4e5a3a496661487813eb66eb7c007cb86396b1f70b24a27117a78e2b5"}, {"condition_id": "0x381a231517cf6088520a51df34bd1db9b93d035ba51913f98ca845d661e5e738", "id": "0x3a0839dd0581d7b603d79efe6ee47bb23fdcb4ce7d1de977f1f1742e58050be0_0xd96ec60090a1df8356ca77011c39cd4511ebaf033819d70abab864af3686dc08", "outcome": "Detroit Tigers", "price": 0.66028, "proxy_wallet": "0xa0f21e6d351baa9185716b5c00c2925ed9621848", "side": "SELL", "size": 2500, "slug": "mlb-det-nyy-2026-07-01", "timestamp": "2026-07-01T20:37:53Z", "token_id": "21732814863574116195637613767442167544947896812245617431219863699392535019565", "transaction_hash": "0x3a0839dd0581d7b603d79efe6ee47bb23fdcb4ce7d1de977f1f1742e58050be0"}, {"condition_id": "0x381a231517cf6088520a51df34bd1db9b93d035ba51913f98ca845d661e5e738", "id": "0x2ec4371c5272558091df9bbe986fadc672321ffca9c1abd8f647006c3cc78fe1_0xd0a368a3127e0fb6a759083519d91046a29d102f63a872797cb51bcea9f8f961", "outcome": "Detroit Tigers", "price": 0.6604, "proxy_wallet": "0xa0f21e6d351baa9185716b5c00c2925ed9621848", "side": "SELL", "size": 2500, "slug": "mlb-det-nyy-2026-07-01", "timestamp": "2026-07-01T20:37:53Z", "token_id": "21732814863574116195637613767442167544947896812245617431219863699392535019565", "transaction_hash": "0x2ec4371c5272558091df9bbe986fadc672321ffca9c1abd8f647006c3cc78fe1"}, {"condition_id": "0x381a231517cf6088520a51df34bd1db9b93d035ba51913f98ca845d661e5e738", "id": "0x9152ddd74d3b0ded0968ada401e7d1e4804b7e0ea892239f1e803b63a4c38f83_0x48a9b75b55c095be008d510c8ea2bb4df48ae7c3b4b5bf1d067d266dcb1d5770", "outcome": "Detroit Tigers", "price": 0.63, "proxy_wallet": "0xa0f21e6d351baa9185716b5c00c2925ed9621848", "side": "SELL", "size": 2500, "slug": "mlb-det-nyy-2026-07-01", "timestamp": "2026-07-01T20:37:52Z", "token_id": "21732814863574116195637613767442167544947896812245617431219863699392535019565", "transaction_hash": "0x9152ddd74d3b0ded0968ada401e7d1e4804b7e0ea892239f1e803b63a4c38f83"}, {"condition_id": "0x381a231517cf6088520a51df34bd1db9b93d035ba51913f98ca845d661e5e738", "id": "0xe56dbf986f9cdc21c0f05c35a08b50e025e82596546d3bafb6da4c49534cc482_0x08cfc4284007d3431ac68215cb287fb7e1437acee380cff8f2e8f80b057e09f5", "outcome": "Detroit Tigers", "price": 0.63, "proxy_wallet": "0xa0f21e6d351baa9185716b5c00c2925ed9621848", "side": "SELL", "size": 2500, "slug": "mlb-det-nyy-2026-07-01", "timestamp": "2026-07-01T20:37:52Z", "token_id": "21732814863574116195637613767442167544947896812245617431219863699392535019565", "transaction_hash": "0xe56dbf986f9cdc21c0f05c35a08b50e025e82596546d3bafb6da4c49534cc482"}, {"condition_id": "0x381a231517cf6088520a51df34bd1db9b93d035ba51913f98ca845d661e5e738", "id": "0xb83f9d8f38c043f606698869bdf59534ab9f070ce5482d7a27aa49d8135a3f29_0x98c65ebf4d96351f999be8f13cd0875af8c0db4fcfc15eef72cf5f080cee6949", "outcome": "Detroit Tigers", "price": 0.8211904761904762, "proxy_wallet": "0xa0f21e6d351baa9185716b5c00c2925ed9621848", "side": "SELL", "size": 10.5, "slug": "mlb-det-nyy-2026-07-01", "timestamp": "2026-07-01T20:37:50Z", "token_id": "21732814863574116195637613767442167544947896812245617431219863699392535019565", "transaction_hash": "0xb83f9d8f38c043f606698869bdf59534ab9f070ce5482d7a27aa49d8135a3f29"}, {"condition_id": "0x381a231517cf6088520a51df34bd1db9b93d035ba51913f98ca845d661e5e738", "id": "0xc0356ae9b6179d0205751fc86f949e28c4c4961f2a8c21a08b331ad0879639cd_0x98c65ebf4d96351f999be8f13cd0875af8c0db4fcfc15eef72cf5f080cee6949", "outcome": "Detroit Tigers", "price": 0.63, "proxy_wallet": "0xa0f21e6d351baa9185716b5c00c2925ed9621848", "side": "SELL", "size": 2489.5, "slug": "mlb-det-nyy-2026-07-01", "timestamp": "2026-07-01T20:37:50Z", "token_id": "21732814863574116195637613767442167544947896812245617431219863699392535019565", "transaction_hash": "0xc0356ae9b6179d0205751fc86f949e28c4c4961f2a8c21a08b331ad0879639cd"}, {"condition_id": "0x381a231517cf6088520a51df34bd1db9b93d035ba51913f98ca845d661e5e738", "id": "0xa0f35d48a8d878a20bc86cc02f474dbc9dec2542d2415dec85015ab41a7069b7_0xed487dc7cbef2f4e350e84a40b9f565e76fc90ec2358850b0d2c9b8ebd65471e", "outcome": "Detroit Tigers", "price": 0.63, "proxy_wallet": "0xa0f21e6d351baa9185716b5c00c2925ed9621848", "side": "SELL", "size": 2500, "slug": "mlb-det-nyy-2026-07-01", "timestamp": "2026-07-01T20:37:49Z", "token_id": "21732814863574116195637613767442167544947896812245617431219863699392535019565", "transaction_hash": "0xa0f35d48a8d878a20bc86cc02f474dbc9dec2542d2415dec85015ab41a7069b7"}], "polled_at": "2026-07-02T01:50:19.037485+00:00"}