{"wallet": "0xc7e53ac4a7c76d6df8b794de2e7d0794265d2d3a", "total_trades_90d": 200, "mlb_trades_count": 25, "mlb_condition_ids": ["0x10d3ce265a1e1ab47359d7b27ddce67bd5ea2cd5fa35133f6a5d1a1fb3905003", "0x4630348b6e6cb37edf6304792f0ca1a78955d8cb45ab09382e6881058ebcd78a", "0x67a229c77a9ac893f3895ed4dd1dfd1f89a6145da408bba530a544ec77ff6bfb", "0x8a638b539c43375ea04e0e2501f4a877df4ab35ae67a1f60d0e034d75c8c38ef", "0xba9a25966e61386933732603c7eaa6a32290b5034f35b8c99a27127267e5ea2c", "0xbdf3af1911c5ef8abb7694eb6f9e3c611ab282a8f6dd413bba64bad2d8177ad8", "0xbdff28415f1cb175401ca292baff35cff2c40e24fc4b71c7826657d1a7bbb35f"], "mlb_trade_details": [{"condition_id": "0x8a638b539c43375ea04e0e2501f4a877df4ab35ae67a1f60d0e034d75c8c38ef", "id": "0x25acc750d60939fa7c4f8ece66ae9850b1eefe18ea6492f45b511a836a071128_0x82e560d0e0d44794d51f54f987ae3d52ead6d2d6e837d961ed27929fcf074f7a", "outcome": "Yes", "price": 0.075, "proxy_wallet": "0xc7e53ac4a7c76d6df8b794de2e7d0794265d2d3a", "side": "BUY", "size": 7.99, "slug": "will-the-seattle-mariners-win-the-2026-world-series", "timestamp": "2026-07-01T13:30:01Z", "token_id": "63091623343687297303606592004867326730200634937409195873045953355010416684623", "transaction_hash": "0x25acc750d60939fa7c4f8ece66ae9850b1eefe18ea6492f45b511a836a071128"}, {"condition_id": "0x8a638b539c43375ea04e0e2501f4a877df4ab35ae67a1f60d0e034d75c8c38ef", "id": "0x04dd63ec83dd0ce57ca7e890bf77fa9f3e5747ab992aba8243d7c3e0f598bfac_0x82e560d0e0d44794d51f54f987ae3d52ead6d2d6e837d961ed27929fcf074f7a", "outcome": "Yes", "price": 0.07500000000000001, "proxy_wallet": "0xc7e53ac4a7c76d6df8b794de2e7d0794265d2d3a", "side": "BUY", "size": 32.16, "slug": "will-the-seattle-mariners-win-the-2026-world-series", "timestamp": "2026-07-01T12:49:58Z", "token_id": "63091623343687297303606592004867326730200634937409195873045953355010416684623", "transaction_hash": "0x04dd63ec83dd0ce57ca7e890bf77fa9f3e5747ab992aba8243d7c3e0f598bfac"}, {"condition_id": "0x8a638b539c43375ea04e0e2501f4a877df4ab35ae67a1f60d0e034d75c8c38ef", "id": "0x5e9cf204016d5d2eb22d00166dad169f7f84da7a1adbaec5512bad49124de909_0x82e560d0e0d44794d51f54f987ae3d52ead6d2d6e837d961ed27929fcf074f7a", "outcome": "Yes", "price": 0.075, "proxy_wallet": "0xc7e53ac4a7c76d6df8b794de2e7d0794265d2d3a", "side": "BUY", "size": 17.24, "slug": "will-the-seattle-mariners-win-the-2026-world-series", "timestamp": "2026-07-01T10:43:49Z", "token_id": "63091623343687297303606592004867326730200634937409195873045953355010416684623", "transaction_hash": "0x5e9cf204016d5d2eb22d00166dad169f7f84da7a1adbaec5512bad49124de909"}, {"condition_id": "0xbdff28415f1cb175401ca292baff35cff2c40e24fc4b71c7826657d1a7bbb35f", "id": "0x2bed7cf199eea2f5fbb0640cd6e70a5f46a714478296122d3b9b59a8459701cc_0xacba6a4525722bce9148136a739251a53ff88acdcad2a7e2ff188cf9df8efee7", "outcome": "San Francisco Giants", "price": 0.2, "proxy_wallet": "0xc7e53ac4a7c76d6df8b794de2e7d0794265d2d3a", "side": "BUY", "size": 750, "slug": "mlb-sf-ari-2026-06-30", "timestamp": "2026-07-01T02:00:07Z", "token_id": "80434659853970840543094638908556427838164348811449699818279732849940990826298", "transaction_hash": "0x2bed7cf199eea2f5fbb0640cd6e70a5f46a714478296122d3b9b59a8459701cc"}, {"condition_id": "0xbdf3af1911c5ef8abb7694eb6f9e3c611ab282a8f6dd413bba64bad2d8177ad8", "id": "0x4953f30824a1551b56cc8060e2090d7038c6790bb9038e370a459509e42bc833_0x9e30d5cb39861ffede16bf5e2b411ce41bafa52f3ac5bfb364536049b4c5dc75", "outcome": "Atlanta Braves", "price": 0.1609937887427173, "proxy_wallet": "0xc7e53ac4a7c76d6df8b794de2e7d0794265d2d3a", "side": "BUY", "size": 804.99, "slug": "mlb-stl-atl-2026-06-30", "timestamp": "2026-07-01T01:44:26Z", "token_id": "33376358483057520599769246280408465432330494979035831336344161311299729610015", "transaction_hash": "0x4953f30824a1551b56cc8060e2090d7038c6790bb9038e370a459509e42bc833"}, {"condition_id": "0x10d3ce265a1e1ab47359d7b27ddce67bd5ea2cd5fa35133f6a5d1a1fb3905003", "id": "0x26efba968a2306e56d832a9c7403c850baf3d088bd0d5084c7d1ba2531909d56_0x0686d967ae71994fd71e6c288992235168c7cb82ecc8cf8e3b637d5238ff7ab6", "outcome": "New York Mets", "price": 0.5089999989141334, "proxy_wallet": "0xc7e53ac4a7c76d6df8b794de2e7d0794265d2d3a", "side": "BUY", "size": 294.69548, "slug": "mlb-nym-tor-2026-06-30", "timestamp": "2026-06-30T21:52:22Z", "token_id": "115221067434903337544830498812066714955004289578320920227424538940795591799906", "transaction_hash": "0x26efba968a2306e56d832a9c7403c850baf3d088bd0d5084c7d1ba2531909d56"}, {"condition_id": "0x4630348b6e6cb37edf6304792f0ca1a78955d8cb45ab09382e6881058ebcd78a", "id": "0xae0c64a78ed997b88c4abb871e5d45ec3a93a6ccee92ed46a7fbbd3152627183_0x18d2c27512ceb4b781e8a57c16b1083d4d215478c18406432aae864cb74fefff", "outcome": "Minnesota Twins", "price": 0.519999999168, "proxy_wallet": "0xc7e53ac4a7c76d6df8b794de2e7d0794265d2d3a", "side": "BUY", "size": 288.461537, "slug": "mlb-min-hou-2026-06-30", "timestamp": "2026-06-30T21:51:34Z", "token_id": "10014801943723970575942987055629901600557568741903305694896588720262490057900", "transaction_hash": "0xae0c64a78ed997b88c4abb871e5d45ec3a93a6ccee92ed46a7fbbd3152627183"}, {"condition_id": "0x8a638b539c43375ea04e0e2501f4a877df4ab35ae67a1f60d0e034d75c8c38ef", "id": "0xca12ce0a7d744dc5920a7d57279bd63c64527e1963131e84f034c7f4f580f40e_0x82e560d0e0d44794d51f54f987ae3d52ead6d2d6e837d961ed27929fcf074f7a", "outcome": "Yes", "price": 0.075, "proxy_wallet": "0xc7e53ac4a7c76d6df8b794de2e7d0794265d2d3a", "side": "BUY", "size": 57.04, "slug": "will-the-seattle-mariners-win-the-2026-world-series", "timestamp": "2026-06-30T08:30:53Z", "token_id": "63091623343687297303606592004867326730200634937409195873045953355010416684623", "transaction_hash": "0xca12ce0a7d744dc5920a7d57279bd63c64527e1963131e84f034c7f4f580f40e"}, {"condition_id": "0x8a638b539c43375ea04e0e2501f4a877df4ab35ae67a1f60d0e034d75c8c38ef", "id": "0xa156acb16a90dedd1513f1f9d3c0cd55bc50a5fe9d1fb7bf0f6ab0a47332176a_0x82e560d0e0d44794d51f54f987ae3d52ead6d2d6e837d961ed27929fcf074f7a", "outcome": "Yes", "price": 0.07500000089458456, "proxy_wallet": "0xc7e53ac4a7c76d6df8b794de2e7d0794265d2d3a", "side": "BUY", "size": 27.945933, "slug": "will-the-seattle-mariners-win-the-2026-world-series", "timestamp": "2026-06-30T08:18:55Z", "token_id": "63091623343687297303606592004867326730200634937409195873045953355010416684623", "transaction_hash": "0xa156acb16a90dedd1513f1f9d3c0cd55bc50a5fe9d1fb7bf0f6ab0a47332176a"}, {"condition_id": "0x8a638b539c43375ea04e0e2501f4a877df4ab35ae67a1f60d0e034d75c8c38ef", "id": "0x0da858dfabcfc4f617ad0a911fa9cd7ae42f22cc323fa3781e4bc83e9e85dbbc_0x82e560d0e0d44794d51f54f987ae3d52ead6d2d6e837d961ed27929fcf074f7a", "outcome": "Yes", "price": 0.075, "proxy_wallet": "0xc7e53ac4a7c76d6df8b794de2e7d0794265d2d3a", "side": "BUY", "size": 121.62, "slug": "will-the-seattle-mariners-win-the-2026-world-series", "timestamp": "2026-06-30T05:01:11Z", "token_id": "63091623343687297303606592004867326730200634937409195873045953355010416684623", "transaction_hash": "0x0da858dfabcfc4f617ad0a911fa9cd7ae42f22cc323fa3781e4bc83e9e85dbbc"}, {"condition_id": "0x8a638b539c43375ea04e0e2501f4a877df4ab35ae67a1f60d0e034d75c8c38ef", "id": "0x39ae47c42d6cee8f7bc287aec1d1109e16ec4fee28b3b4ee2dfaecf0a5d4f640_0x82e560d0e0d44794d51f54f987ae3d52ead6d2d6e837d961ed27929fcf074f7a", "outcome": "Yes", "price": 0.075, "proxy_wallet": "0xc7e53ac4a7c76d6df8b794de2e7d0794265d2d3a", "side": "BUY", "size": 2, "slug": "will-the-seattle-mariners-win-the-2026-world-series", "timestamp": "2026-06-30T04:32:05Z", "token_id": "63091623343687297303606592004867326730200634937409195873045953355010416684623", "transaction_hash": "0x39ae47c42d6cee8f7bc287aec1d1109e16ec4fee28b3b4ee2dfaecf0a5d4f640"}, {"condition_id": "0x8a638b539c43375ea04e0e2501f4a877df4ab35ae67a1f60d0e034d75c8c38ef", "id": "0x73aaa0e8498a02e54c30fa77a9c9161b3345ab83e833d198258975c5f989535f_0x82e560d0e0d44794d51f54f987ae3d52ead6d2d6e837d961ed27929fcf074f7a", "outcome": "Yes", "price": 0.07500000000000001, "proxy_wallet": "0xc7e53ac4a7c76d6df8b794de2e7d0794265d2d3a", "side": "BUY", "size": 230.2, "slug": "will-the-seattle-mariners-win-the-2026-world-series", "timestamp": "2026-06-30T04:29:37Z", "token_id": "63091623343687297303606592004867326730200634937409195873045953355010416684623", "transaction_hash": "0x73aaa0e8498a02e54c30fa77a9c9161b3345ab83e833d198258975c5f989535f"}, {"condition_id": "0xba9a25966e61386933732603c7eaa6a32290b5034f35b8c99a27127267e5ea2c", "id": "0x4477840675a6ac9388ec89930e06c0fb89d0876dd1000713eb04c00cff0a0407_0xc1a7d439833b36cc770b44cff32186c6e2fd99ba4c814db40eaee6eae85cc1a8", "outcome": "San Diego Padres", "price": 0.2, "proxy_wallet": "0xc7e53ac4a7c76d6df8b794de2e7d0794265d2d3a", "side": "BUY", "size": 500, "slug": "mlb-sd-chc-2026-06-29", "timestamp": "2026-06-30T03:11:44Z", "token_id": "85221114576935657054454439775859151930112521576648967139785454724793328061340", "transaction_hash": "0x4477840675a6ac9388ec89930e06c0fb89d0876dd1000713eb04c00cff0a0407"}, {"condition_id": "0xba9a25966e61386933732603c7eaa6a32290b5034f35b8c99a27127267e5ea2c", "id": "0x987a9c1d99e59c00e437744261d152fe0417dbeffd4706721153b4e76f5a036d_0xb137efb7af881eee3b171568415e5f1897f5e5a39e2e2c7c5d9ab64c36e42f39", "outcome": "San Diego Padres", "price": 0.4099999989886667, "proxy_wallet": "0xc7e53ac4a7c76d6df8b794de2e7d0794265d2d3a", "side": "BUY", "size": 365.853657, "slug": "mlb-sd-chc-2026-06-29", "timestamp": "2026-06-29T16:47:40Z", "token_id": "85221114576935657054454439775859151930112521576648967139785454724793328061340", "transaction_hash": "0x987a9c1d99e59c00e437744261d152fe0417dbeffd4706721153b4e76f5a036d"}, {"condition_id": "0x8a638b539c43375ea04e0e2501f4a877df4ab35ae67a1f60d0e034d75c8c38ef", "id": "0xfcf9eab3648fe39006eec604cd7a0f72fe3f9ba2c5a3a1fdf833c0eb6cc43fb7_0xaa8210e85854a9592dda0a3327d289c02dd752e60acc1dbeb0b47df0914de6bf", "outcome": "Yes", "price": 0.077, "proxy_wallet": "0xc7e53ac4a7c76d6df8b794de2e7d0794265d2d3a", "side": "BUY", "size": 5000, "slug": "will-the-seattle-mariners-win-the-2026-world-series", "timestamp": "2026-06-29T15:51:40Z", "token_id": "63091623343687297303606592004867326730200634937409195873045953355010416684623", "transaction_hash": "0xfcf9eab3648fe39006eec604cd7a0f72fe3f9ba2c5a3a1fdf833c0eb6cc43fb7"}, {"condition_id": "0x8a638b539c43375ea04e0e2501f4a877df4ab35ae67a1f60d0e034d75c8c38ef", "id": "0xfcf9eab3648fe39006eec604cd7a0f72fe3f9ba2c5a3a1fdf833c0eb6cc43fb7_0xa17a5d2507530c9e79c35e73f2d4654cb8c9677bbad44a2ae0dbeba4239634fa", "outcome": "Yes", "price": 0.076, "proxy_wallet": "0xc7e53ac4a7c76d6df8b794de2e7d0794265d2d3a", "side": "BUY", "size": 5000, "slug": "will-the-seattle-mariners-win-the-2026-world-series", "timestamp": "2026-06-29T15:51:40Z", "token_id": "63091623343687297303606592004867326730200634937409195873045953355010416684623", "transaction_hash": "0xfcf9eab3648fe39006eec604cd7a0f72fe3f9ba2c5a3a1fdf833c0eb6cc43fb7"}, {"condition_id": "0x8a638b539c43375ea04e0e2501f4a877df4ab35ae67a1f60d0e034d75c8c38ef", "id": "0xfcf9eab3648fe39006eec604cd7a0f72fe3f9ba2c5a3a1fdf833c0eb6cc43fb7_0x82e560d0e0d44794d51f54f987ae3d52ead6d2d6e837d961ed27929fcf074f7a", "outcome": "Yes", "price": 0.075, "proxy_wallet": "0xc7e53ac4a7c76d6df8b794de2e7d0794265d2d3a", "side": "BUY", "size": 153.25, "slug": "will-the-seattle-mariners-win-the-2026-world-series", "timestamp": "2026-06-29T15:51:40Z", "token_id": "63091623343687297303606592004867326730200634937409195873045953355010416684623", "transaction_hash": "0xfcf9eab3648fe39006eec604cd7a0f72fe3f9ba2c5a3a1fdf833c0eb6cc43fb7"}, {"condition_id": "0x8a638b539c43375ea04e0e2501f4a877df4ab35ae67a1f60d0e034d75c8c38ef", "id": "0xebb7874f9feb241d0c815bc4fd5bfc38221d4043f81558883129db00509bc2c8_0xf6df5fd8658607fa5f890d9dd0c08d77fd26087a15690d0de1603547f1a024b4", "outcome": "Yes", "price": 0.07785479504689383, "proxy_wallet": "0xc7e53ac4a7c76d6df8b794de2e7d0794265d2d3a", "side": "BUY", "size": 572.57, "slug": "will-the-seattle-mariners-win-the-2026-world-series", "timestamp": "2026-06-29T15:20:25Z", "token_id": "63091623343687297303606592004867326730200634937409195873045953355010416684623", "transaction_hash": "0xebb7874f9feb241d0c815bc4fd5bfc38221d4043f81558883129db00509bc2c8"}, {"condition_id": "0x8a638b539c43375ea04e0e2501f4a877df4ab35ae67a1f60d0e034d75c8c38ef", "id": "0x5fa7ab56dd1bde9f33eeb5071d067db8d9ab83fd5be55a9b0cb9ba9b821a7599_0x2b37c1d7c54fd1b8f14b9a9eddb28e8ede55f0cfe52be72307ee0beecdfd9444", "outcome": "Yes", "price": 0.0703797194848644, "proxy_wallet": "0xc7e53ac4a7c76d6df8b794de2e7d0794265d2d3a", "side": "BUY", "size": 1865.14, "slug": "will-the-seattle-mariners-win-the-2026-world-series", "timestamp": "2026-06-29T15:19:01Z", "token_id": "63091623343687297303606592004867326730200634937409195873045953355010416684623", "transaction_hash": "0x5fa7ab56dd1bde9f33eeb5071d067db8d9ab83fd5be55a9b0cb9ba9b821a7599"}, {"condition_id": "0x8a638b539c43375ea04e0e2501f4a877df4ab35ae67a1f60d0e034d75c8c38ef", "id": "0xa3f51f74c08323bbc2157ba439bcf752000d4aa4c0a8c771dccc588e463e127b_0xd026940dd51c46c4b6cf243ff833c19b1ce956399dbecfb4d1564958f901d6fd", "outcome": "Yes", "price": 0.062000000000000006, "proxy_wallet": "0xc7e53ac4a7c76d6df8b794de2e7d0794265d2d3a", "side": "BUY", "size": 39.76, "slug": "will-the-seattle-mariners-win-the-2026-world-series", "timestamp": "2026-06-28T23:53:55Z", "token_id": "63091623343687297303606592004867326730200634937409195873045953355010416684623", "transaction_hash": "0xa3f51f74c08323bbc2157ba439bcf752000d4aa4c0a8c771dccc588e463e127b"}, {"condition_id": "0x8a638b539c43375ea04e0e2501f4a877df4ab35ae67a1f60d0e034d75c8c38ef", "id": "0xe7797855b561e59ccd4149f03fa144c61f3e0c8947acbdeea01863d633bd2ced_0xd026940dd51c46c4b6cf243ff833c19b1ce956399dbecfb4d1564958f901d6fd", "outcome": "Yes", "price": 0.062, "proxy_wallet": "0xc7e53ac4a7c76d6df8b794de2e7d0794265d2d3a", "side": "BUY", "size": 17.48, "slug": "will-the-seattle-mariners-win-the-2026-world-series", "timestamp": "2026-06-28T22:12:17Z", "token_id": "63091623343687297303606592004867326730200634937409195873045953355010416684623", "transaction_hash": "0xe7797855b561e59ccd4149f03fa144c61f3e0c8947acbdeea01863d633bd2ced"}, {"condition_id": "0x67a229c77a9ac893f3895ed4dd1dfd1f89a6145da408bba530a544ec77ff6bfb", "id": "0xe3111cbe24fcb6f4061ac2a932f4393e251fbd4f4ad9226acce15e7acf05f804_0x8218efb136f7819a8dc919fa1c980dd37a9303fc3b0a30b17669d1a871996090", "outcome": "Yes", "price": 0.02799997334399872, "proxy_wallet": "0xc7e53ac4a7c76d6df8b794de2e7d0794265d2d3a", "side": "SELL", "size": 35.714284, "slug": "will-the-cleveland-guardians-win-the-2026-world-series", "timestamp": "2026-06-28T05:26:22Z", "token_id": "86836855507912353672331273895741550012643122260675758564432763672972116051156", "transaction_hash": "0xe3111cbe24fcb6f4061ac2a932f4393e251fbd4f4ad9226acce15e7acf05f804"}, {"condition_id": "0x67a229c77a9ac893f3895ed4dd1dfd1f89a6145da408bba530a544ec77ff6bfb", "id": "0xe4058cc1b675bb2551f4c1f307699754b0e872655933f61fdd11a9ca483a6434_0x8218efb136f7819a8dc919fa1c980dd37a9303fc3b0a30b17669d1a871996090", "outcome": "Yes", "price": 0.02799999897125926, "proxy_wallet": "0xc7e53ac4a7c76d6df8b794de2e7d0794265d2d3a", "side": "SELL", "size": 964.285714, "slug": "will-the-cleveland-guardians-win-the-2026-world-series", "timestamp": "2026-06-28T05:16:29Z", "token_id": "86836855507912353672331273895741550012643122260675758564432763672972116051156", "transaction_hash": "0xe4058cc1b675bb2551f4c1f307699754b0e872655933f61fdd11a9ca483a6434"}, {"condition_id": "0x67a229c77a9ac893f3895ed4dd1dfd1f89a6145da408bba530a544ec77ff6bfb", "id": "0x297916f836e22a60944d75eb77e129410d83ee1adc3dbd9497e8625a2ce52c11_0x8218efb136f7819a8dc919fa1c980dd37a9303fc3b0a30b17669d1a871996090", "outcome": "Yes", "price": 0.028, "proxy_wallet": "0xc7e53ac4a7c76d6df8b794de2e7d0794265d2d3a", "side": "SELL", "size": 27.4, "slug": "will-the-cleveland-guardians-win-the-2026-world-series", "timestamp": "2026-06-28T03:14:56Z", "token_id": "86836855507912353672331273895741550012643122260675758564432763672972116051156", "transaction_hash": "0x297916f836e22a60944d75eb77e129410d83ee1adc3dbd9497e8625a2ce52c11"}, {"condition_id": "0x67a229c77a9ac893f3895ed4dd1dfd1f89a6145da408bba530a544ec77ff6bfb", "id": "0xacecc26dd807e71beb3110ded97b8129c730a3d762d06fc43e0b3ced64a5d0d4_0x8218efb136f7819a8dc919fa1c980dd37a9303fc3b0a30b17669d1a871996090", "outcome": "Yes", "price": 0.028, "proxy_wallet": "0xc7e53ac4a7c76d6df8b794de2e7d0794265d2d3a", "side": "SELL", "size": 50.23, "slug": "will-the-cleveland-guardians-win-the-2026-world-series", "timestamp": "2026-06-28T02:58:07Z", "token_id": "86836855507912353672331273895741550012643122260675758564432763672972116051156", "transaction_hash": "0xacecc26dd807e71beb3110ded97b8129c730a3d762d06fc43e0b3ced64a5d0d4"}], "polled_at": "2026-07-02T01:49:59.807418+00:00"}